4266 5534
545 341 621 428 '140
735 334 1230 422 COMMBRCIUM
1275 319 1803 414 E‘PI'STO'LICUM,

392 493 491 577 5696
544 543 569 576 „
588 485 750 563 souviens
766 531 781 574 -‚
814 484 1043 585 qu’autresois
1057 507 1147 562 vous
1162 507 1248 561 arez
1268 483 1328 562 nie'
1342 490 1454 583 qu’un
1466 479 1590 580 grand
1612 474 1730 575 Corps
1750 473 1816 574 psit
1834 479 1956 584 nansi·

386 589 490 665 Mart
544 591 570 694 ’,,
586 604 677 680 serer
700 615 803 680 toute
830 601 863 677 sa
893 600 993 678 force
1011 600 1067 678 sur
1090 625 1140 680 un
1166 600 1246 702 plus
1271 603 1386 700 petit,
1413 616 1613 700 parceque
1643 592 1741 670 selon
1769 593 1950 692 l’opinioo

546 720 748 820 „vulgaire
772 719 833 824 des
859 707 1078 819 curaſsem,
1112 743 1183 819 que
1203 742 1293 796 vous
1311 715 1498 803 soutene's‚
1531 719 1602 813 j3en
1624 709 1770 791 inferois
1794 709 1828 785 le
1840 732 1951 788 mou·

547 897 572 931 „
588 851 732 916 vemeut
751 835 958 936 perpetuel‚
1002 836 1039 911 ἀ
1067 859 1158 914 vous
1185 859 1271 912 avez
1300 833 1405 911 tsche'
1432 833 1579 910 d’e'viter
1604 829 1637 906 la
1668 826 1769 904 soree
1793 826 1839 902 de
1874 851 1951 904 mes

385 951 388 960 ’
459 993 462 998 ·
548 1015 573 1047 ,,
589 977 769 1056 preuves,
810 951 986 1030 touchant
1013 952 1065 1028 les
1093 975 1245 1052 moyens
1277 951 1322 1027 de
1352 965 1444 1028 cette
1473 949 1716 1032 translation,
1758 944 1792 1020 le
1823 947 1950 1021 mieux

548 1096 661 1173 „que
682 1095 773 1148 vous
788 1094 873 1146 avez
900 1069 974 1169 pd,
1008 1093 1052 1144 en
1068 1068 1189 1146 saisant
1209 1069 1270 1144 des
1289 1065 1478 1145 difficultds
1501 1091 1552 1145 un
1566 1090 1637 1166 peu
1650 1059 1880 1138 recherche'es
1893 1059 1950 1138 sur

547 1247 573 1280 ‚‚
588 1213 645 1266 ces
667 1211 827 1287 moyens.
890 1184 1102 1286 Cependant
1129 1202 1234 1287 ayant
1257 1186 1345 1262 revel
1367 1209 1442 1262 mes
1456 1184 1687 1262 msditations
1712 1177 1770 1256 sur
1797 1177 1831 1284 le
1854 1176 1949 1254 choc

466 1295 469 1302 ’
547 1365 573 1396 „
589 1304 814 1404 desCorps,
846 1306 903 1401 j’ai
927 1302 1054 1380 trouve'
1079 1328 1173 1404 que,
1206 1302 1280 1380 sans
1301 1302 1442 1389 levier,
1474 1304 1513 1378 ni
1543 1315 1642 1378 autre
1671 1308 1834 1396 apparat,
1857 1293 1951 1370 dont

549 1481 575 1514 ‚‚
590 1427 624 1521 je
647 1421 788 1498 m’e'tois
813 1419 901 1496 servi
922 1420 1090 1496 autrefois
1120 1445 1214 1518 pour
1236 1443 1326 1498 vous
1349 1418 1512 1495 satisfaire
1539 1412 1733 1500 undenus,
1765 1411 1792 1488 il
1813 1435 1875 1512 ya
1899 1436 1951 1488 un

549 1563 723 1641 „moyen
764 1535 888 1637 sunple
927 1561 1022 1638 pour
1056 1539 1139 1614 cela.
1202 1537 1295 1616 C’est
1326 1561 1398 1638 que
1428 1535 1550 1612 faisant
1579 1532 1718 1610 ensorte
1754 1553 1825 1630 que
1851 1527 1952 1604 deux

549 1681 697 1756 „corps
722 1655 906 1754 choquent
935 1653 1010 1731 *ala
1030 1655 1100 1732 sois
1125 1680 1174 1732 un
1199 1653 1400 1740 troifie'me,
1432 1653 1459 1728 il
1484 1653 1562 1730 doit
1588 1655 1719 1728 arriver
1743 1671 1788 1725 en
1812 1649 1949 1722 certain

548 1832 574 1865 „
590 1798 670 1861 cas,
704 1797 775 1874 que
805 1773 855 1848 les
873 1773 970 1850 deux
1004 1796 1109 1871 corps
1133 1770 1331 1860 ensemble,
1366 1771 1557 1871 quoiqu'ils
1585 1767 1707 1846 sallent
1740 1787 1811 1842 une
1842 1759 1949 1838 masse

549 1889 672 1990 „plus
693 1888 828 1988 grande
855 1915 925 1991 que
947 1889 981 1964 le
1014 1887 1215 1976 troifie'me,
1249 1889 1459 1964 demeurent
1484 1901 1655 1987 pourtant
1676 1910 1721 1960 en
1745 1905 1877 1983 repos,
1911 1881 1949 1956 dc

453 2073 456 2080 ,
528 2065 576 2115 U„
593 2007 757 2084 donnent
781 2023 883 2084 toute
902 2007 980 2082 leur
996 2005 1096 2084 force
1118 2031 1162 2084 au
1183 2003 1369 2084 troifie'me.
1430 2003 1487 2082 Ad
1514 2004 1590 2083 haec
1610 2001 1800 2103 respondet
1827 1997 1946 2077 Dnus.

438 2177 443 2184 -
548 2123 779 2204 Parruus
800 2125 838 2198 in
865 2124 990 2200 litteris
1016 2147 1075 2222 15.
1107 2122 1263 2224 Januarii
1297 2135 1416 2214 1696.
1447 2123 1583 2214 „Pour
1609 2145 1650 2198 ce
1685 2144 1755 2221 que
1782 2141 1875 2210 vous
1895 2115 1949 2190 di·

550 2256 645 2332 „tes
674 2239 736 2316 des
756 2240 853 2317 deux
876 2241 1014 2340 Corps,
1048 2245 1110 2342 qui
1132 2244 1432 2340 conununiqumt
1454 2239 1631 2317 ensemble
1646 2253 1728 2318 tout
1751 2235 1828 2313 leur
1841 2254 1947 2310 mou·

551 2413 578 2447 „
595 2371 757 2444 rement,
782 2353 891 2457 [non
906 2357 1088 2446 dixeram,
1104 2377 1181 2434 tout
1202 2355 1278 2434 leur
1292 2376 1534 2444 mouvement,
1560 2355 1642 2443 sed,
1658 2375 1753 2432 toute
1774 2351 1851 2429 leur
1861 2347 1941 2452 for·

552 2530 578 2568 „
594 2475 667 2570 ce]
700 2497 719 2550 a
745 2499 796 2551 un
820 2472 996 2552 troifisme
1003 2500 1015 2569 3
1047 2479 1082 2573 je
1107 2479 1200 2552 crois
1224 2491 1284 2554 me
1310 2474 1441 2554 douter
1468 2474 1515 2572 de
1545 2497 1586 2550 ce
1616 2497 1696 2572 que
1715 2472 1821 2564 dest3
1859 2469 1947 2546 mais

550 2647 579 2684 ‚‚
596 2593 728 2667 crainte
751 2590 861 2669 d’etre
888 2615 1019 2669 encore
1040 2593 1162 2692 oblige'
1189 2593 1234 2670 de
1253 2592 1396 2668 donner
1416 2593 1512 2670 deux
1532 2590 1697 2690 rsponses
1715 2613 1760 2666 au
1783 2589 1855 2664 lieu
1869 2585 1945 2664 d'u·
2116 2655 2117 2692 ,

552 2763 579 2797 ,‚
596 2731 665 2794 ne,
698 2711 731 2803 je
754 2707 928 2786 diffe'rerai
950 2710 1030 2786 d’en
1054 2710 1189 2810 parler,
1222 2707 1412 2810 jusqu’sce
1436 2735 1507 2810 que
1528 2733 1619 2788 vous
1636 2733 1722 2809 ayez
1748 2717 1947 2784 nettement
2063 2713 2064 2718 ’

449 2915 451 2920 Ι
553 2880 580 2916 „
598 2822 727 2922 expose'
757 2823 791 2898 le
809 2825 891 2912 sait,
910 2827 978 2902 &c
998 2835 1023 2866 “
1054 2826 1123 2904 Sed
1146 2850 1231 2904 cum
1259 2829 1297 2902 in
1328 2826 1397 2902 illis
1419 2825 1499 2925 ipfis
1521 2825 1611 2906 mihi
1636 2847 1712 2902 nou
1740 2823 1818 2902 satis
1839 2823 1947 2922 aequi-

554 2943 635 3018 tatis
652 2939 861 3026 ostendere,
894 2940 953 3019 sed
972 2941 1006 3016 se
1024 2940 1058 3018 se
1080 2943 1125 3020 ad
1151 2941 1323 3022 elufiones
1339 2967 1534 3055 praeparare
1552 2943 1752 3030 videretur,
1784 2962 1863 3040 rem
1886 2960 1947 3015 ex-

554 3080 691 3159 ponere
719 3061 1011 3159 operaepretium
1032 3082 1109 3136 non
1129 3064 1276 3160 putavi3
1307 3084 1424 3160 neque
1453 3063 1551 3138 enim
1579 3064 1627 3138 ita
1650 3084 1749 3138 nunc
1773 3057 1947 3136 constitu·

555 3189 614 3251 tus
632 3172 729 3261 sum,
766 3189 807 3252 ut
828 3175 977 3254 latebras
995 3184 1105 3256 varias
1129 3192 1346 3278 querentem
1373 3177 1535 3278 persequi
1563 3178 1694 3266 velim,
1713 3191 1774 3271 aut
1807 3172 1946 3275 possim

557 3291 736 3371 Caeterum
753 3315 838 3371 cum
865 3293 1049 3393 voluptate
1068 3294 1144 3370 vidi
1166 3295 1221 3371 Te
1244 3298 1284 3370 in
1310 3294 1433 3372 litteris
1454 3297 1524 3374 tuis
1559 3309 1619 3380 18.
1638 3291 1794 3394 Januarii
1820 3291 1942 3378 datis,

555 3405 680 3482 afferre
701 3410 876 3488 nonnulla
896 3411 941 3487 de
963 3408 1224 3510 compositione
1242 3423 1382 3500 motus,
1400 3436 1481 3512 quae
1507 3435 1592 3488 cum
1605 3409 1661 3488 his
1678 3409 1827 3510 pulchre
1845 3407 1947 3486 cons-

555 3523 695 3620 pirant,
730 3523 864 3624 ipsique
892 3530 1032 3628 opponi
1049 3525 1203 3628 possunt.
1263 3529 1357 3623 Quae
1376 3531 1414 3604 in
1436 3527 1559 3605 libello
1582 3527 1645 3605 suo
1665 3525 1821 3625 scripsit,
1854 3524 1946 3603 mihi

557 3639 833 3743 controversiam
851 3656 949 3720 tuam
967 3669 1092 3743 parum
1113 3646 1159 3722 ad
1176 3643 1312 3724 sensum
1335 3669 1458 3725 meum
1472 3669 1679 3746 proponere
1696 3643 1882 3731 videntur,
1906 3655 1950 3720 ut

544 3778 633 3852 ‚rem
653 3755 763 3856 ipsam
788 3783 853 3860 per
880 3758 912 3836 se
935 3760 1110 3860 explicare
1139 3761 1352 3862 aliquando,
1385 3774 1495 3862 quam
1518 3786 1603 3842 etim
1626 3761 1703 3862 ipso
1720 3761 1859 3863 litigare
1872 3783 1949 3838 ma-

553 3870 628 3947 lim.

613 3987 732 4068 Video
756 4009 1009 4092 argumentum
1029 4020 1152 4076 merim
1175 4001 1330 4099 aptiori
1351 4021 1428 4076 non
1457 3999 1588 4076 eodem
1607 4000 1703 4100 apud
1727 3999 1782 4078 Te
1801 3997 1870 4077 else
1891 3999 1944 4076 Io-

546 4127 620 4200 eo,
649 4129 725 4206 quo
756 4110 852 4208 apud
874 4135 942 4188 me.
1003 4114 1134 4215 Neque
1165 4115 1281 4192 habeo
1314 4115 1416 4214 quod
1444 4115 1489 4191 de
1515 4140 1561 4193 eo
1588 4141 1723 4218 querar.
1784 4117 1947 4196 Tantum

551 4244 673 4318 rogo,
706 4237 748 4300 ut
772 4227 949 4324 expendas
972 4229 1053 4305 talia
1069 4232 1177 4330 paulo
1200 4234 1390 4320 attentius,
1412 4255 1528 4333 neque
1549 4237 1646 4311 enim
1665 4248 1738 4314 tam
1757 4231 1948 4312 sacileelu·

552 4335 591 4412 di
611 4335 753 4436 potest]
789 4341 826 4416 δι
847 4345 920 4441 ipse
934 4367 1002 4442 pro
1027 4369 1085 4442 nse
1108 4345 1324 4424 solutionem
1348 4350 1560 4448 objeclionis
1583 4351 1666 4430 dare
1686 4347 1866 4452 potuisses.
1886 4351 1946 4428 Sa·

547 4475 594 4530 ne
610 4477 688 4536 nou
707 4455 814 4538 video
838 4457 929 4564 quid
953 4459 1039 4539 Tibi
1063 4459 1172 4552 velis,
1206 4485 1293 4544 cum
1319 4464 1408 4549 dicis
1430 4467 1610 4550 actionem
1632 4467 1830 4550 ‚virtualem
1856 4491 1943 4544 con-

1842 4581 1952 4677 unu
