4168 5524
182 367 503 440 zuruulrrr
527 363 1016 451 ETBERNOULLlh
1047 351 1207 439 Errsr.
1229 367 1428 444 LXXXVI.
1457 389 1534 464 429

130 519 261 599 nostris
277 515 384 605 defit,
399 513 592 617 prasertim
610 517 674 617 qui
689 527 790 593 antea
800 513 925 593 iisdem
941 513 1209 598 difficultatibus
1228 517 1394 608 obbaelit,
1428 520 1535 624 seque
1578 545 1674 622 1699

132 637 282 716 demum
304 634 497 735 expedivit.
1513 655 1519 664 '
1559 636 1700 731 januar.

191 751 304 852 Rogo
327 767 368 830 ut
393 751 484 830 milri
507 757 574 840 ea,
607 771 687 851 quae
705 746 806 829 Dno.
837 749 1089 829 Vor‘nrno
1111 751 1158 829 ad
1183 751 1278 832 hanc
1296 779 1372 832 rem
1398 753 1531 832 facien-

131 875 181 950 tia
204 868 365 973 scripulu
386 869 654 956 communices,
687 892 762 970 quo
788 871 928 966 integra
948 869 1118 957 habeam,
1152 893 1232 970 quar
1249 871 1301 947 illi
1326 873 1532 970 expenden-

133 988 282 1067 da'lunt
303 985 393 1064 data
425 985 618 1063 Praesertim
642 1008 726 1062 rum
750 986 919 1064 credibile
942 983 1003 1073 lit,
1029 984 1294 1086 responfionem
1313 991 1386 1088 eins
1410 993 1536 1068 oannia

130 1105 201 1185 ¹elle
226 1103 508 1204 complexurana

193 1223 355 1300 Tuomet
375 1219 544 1320 exemplo
564 1218 714 1317 judico,
747 1223 1029 1320 integumento
1052 1243 1072 1296 a
1096 1221 1210 1320 priori
1233 1221 1279 1298 de
1304 1218 1538 1301 aestimatione

133 1341 314 1428 aaronis,
345 1337 436 1416 illud
468 1335 665 1419 virtualiter
701 1337 828 1416 melius
851 1327 1074 1437 inposterum
1099 1334 1267 1416 omilium
1294 1343 1361 1428 iri,
1393 1357 1536 1419 tantum

136 1461 231 1537 enim
256 1457 408 1544 turbat,
439 1469 480 1534 ut
497 1454 639 1532 dubitet
661 1453 806 1556 aliquis,
833 1452 929 1556 quasr
954 1451 1086 1530 diversa
1104 1457 1197 1530 ratio
1219 1459 1477 1546 aestimationis,
1496 1461 1537 1536 in

136 1598 208 1654 una
229 1571 409 1674 alteraque
442 1569 725 1672 pramiffamm,
758 1597 836 1648 non
861 1569 966 1672 polTlt
994 1569 1224 1648 conclufione
1252 1578 1289 1648 in
1312 1600 1425 1653 unam
1448 1599 1540 1652 con-

136 1696 251 1794 jungi.
309 1688 355 1770 Et
389 1688 700 1790 quemadmodum
723 1684 928 1789 simpliciter
958 1690 1076 1766 dicere
1105 1685 1265 1768 sufficit:
1295 1691 1459 1770 Ducarus
1487 1693 1541 1770 est

137 1809 291 1914 duplum
318 1807 489 1896 Thaleti,
520 1805 695 1884 Thalerus
719 1806 772 1882 est
797 1804 951 1905 duplum
984 1805 1225 1895 lernithaleri,·
1255 1829 1345 1907 ergo
1373 1808 1541 1888 Ducatus¹

136 1929 187 2004 est
214 1922 457 2029 quadruplum
476 1921 719 2008 lemithaleri,
752 1925 804 2000 ita
829 1937 869 2002 ut
891 1945 969 1998 non
993 1922 1037 2000 fit
1060 1947 1152 2024 opus
1174 1924 1327 2022 adjicere
1350 1924 1538 2004 Ducatum

135 2035 204 2122 ¹elle
229 2043 382 2143 duplum
400 2040 545 2120 Thaleri
571 2040 786 2130 virtualiter,
819 2036 1016 2118 Thalerum
1045 2064 1133 2138 vero
1156 2038 1223 2116 elle
1247 2036 1402 2148 dirplunr
1433 2043 1541 2121 senri-

135 2161 261 2238 thaleri
282 2158 477 2237 formaliter
484 2184 497 2252 3
528 2156 657 2234 eodem
676 2155 798 2234 modo·
814 2155 941 2234 sufficit
964 2157 1025 2234 hic
1047 2157 1205 2256 procedi.

194 2279 297 2358 Tuus
315 2300 462 2378 quoque
486 2274 619 2352 modus
636 2274 895 2350 determinandi
915 2275 1093 2352 Centrum
1114 2273 1346 2353 oscillationis
1362 2303 1407 2354 ex
1435 2281 1542 2382 prin-

138 2395 234 2502 cipio
245 2381 375 2472 'nostro
403 2392 483 2471 sane
507 2388 783 2492 eleganrillimus
805 2391 1005 2492 plurimum
1038 2389 1144 2468 affert
1170 2391 1260 2470 lucis
1279 2396 1323 2470 &a
1342 2393 1538 2473 confirma-

137 2517 262 2594 tionis.

198 2629 338 2710 Modus
362 2651 442 2730 quo
464 2630 538 2727 agit
566 2628 711 2704 materia
731 2623 917 2723 gravifica,
950 2625 1069 2704 adhuc
1086 2625 1225 2704 altioris
1253 2629 1303 2706 est
1328 2627 1541 2728 indaginis,

138 2773 257 2852 neque
281 2744 548 2823 contemnenda
569 2743 648 2822 sunt
667 2767 748 2845 quae
762 2745 802 2818 in
820 2766 898 2818 eam
918 2767 995 2820 rem
1015 2729 1183 2832 attulilli,¹
1208 2745 1269 2822 etsr
1292 2745 1382 2823 mihi
1400 2771 1545 2824 aaron..
1655 2825 1660 2838 ‚

139 2866 305 2944 ideranti
322 2862 475 2940 subnata
496 2860 567 2938 surr
583 2860 824 2938 dubitationes
852 2859 1077 2964 complures,
1108 2862 1209 2966 quod
1230 2866 1270 2940 in
1285 2887 1323 2942 re
1341 2891 1366 2943 a
1386 2861 1545 2942 lenibus·

140 2997 278 3061 remota
310 2981 347 3055 &
371 2975 509 3054 difficili
533 2981 669 3055 mirum·
685 3001 761 3054 non
782 2976 841 3052 rib
1457 3035 1465 3052 ‚

200 3098 340 3178 Gratias
369 3096 406 3172 dr
427 3097 488 3194 egi
509 3095 619 3183 Tibi,
651 3093 689 3170 dc
721 3115 820 3192 ago,
851 3093 955 3194 quod
968 3096 1222 3173 existimationi
1248 3121 1337 3174 mear
1356 3095 1547 3174 velificari's

137 3217 368 3320 plurimum,
396 3214 433 3289 dr
454 3211 500 3289 ad
521 3235 561 3288 ea
576 3235 637 3286 me
659 3203 796 3310 agenda
816 3209 990 3300 hortaris,
1006 3236 1070 3312 per
1085 3239 1164 3316 quae
1184 3214 1304 3292 nostra
1327 3217 1439 3312 magis
1455 3237 1546 3314 pro-
1682 3263 1684 3270 ι

139 3333 265 3436 pagati
293 3332 331 3408 &
354 3327 559 3408 confirmari
581 3325 726 3430 pollam.
782 3326 899 3423 Qrod
919 3345 954 3408 te
978 3329 1222 3429 frigidiuscule
1251 3327 1415 3431 scripsile
1440 3331 1547 3407 dixeu

140 3461 232 3538 ram,
250 3472 328 3526 uon
349 3445 395 3524 ad
416 3445 493 3525 haec
506 3449 685 3546 pertinet,
717 3444 778 3522 sed·
796 3445 840 3521 ad
858 3471 898 3522 ea
917 3472 996 3548 quae
1008 3445 1160 3525 habebas
1173 3453 1379 3551 nuperrime
1399 3450 1439 3524 in
1461 3443 1547 3523 Ac-

139 3571 191 3646 ris
216 3560 477 3659 Eruditrrm3
503 3563 563 3641 sed
579 3567 653 3662 jam
671 3561 866 3661 fignrfinvr
888 3587 948 3641 me
980 3587 1056 3641 non
1076 3587 1125 3641 en·
1148 3561 1214 3641 elle
1238 3568 1380 3654 auimo,
1398 3562 1545 3643 attalia

139 3683 275 3762 bullire
296 3685 483 3783 accipiam.

200 3800 329 3879 Fateor
349 3801 389 3875 in
406 3797 508 3876 caseo
525 3794 591 3875 effe
616 3806 752 3897 partes,
785 3801 828 3875 in
841 3798 977 3900 quibus·
991 3799 1085 3878 nulli
1106 3812 1276 3901 apparent
1296 3823 1459 3888 rennes,
1480 3797 1546 3876 sed

139 3918 230 4022 quid
254 3916 428 4016 impedit,
442 3919 482 3992 in
501 3915 571 3992 illis
593 3913 710 3992 rursus
731 3913 797 3992 elle
821 3915 909 3992 alios
929 3940 1065 3992 vermes
1086 3933 1147 3995 aut
1165 3918 1301 4018 plantas
1322 3916 1542 4008 subtiliores,

139 4036 253 4112 aliave
276 4033 330 4110 sni
350 4037 490 4133 generis
510 4037 702 4133 organica,
723 4034 760 4108 &
779 4031 827 4109 fic
842 4035 883 4108 in
898 4031 1112 4129 infinitum
1136 4031 1186 4112 ita
1203 4047 1245 4112 ut
1265 4033 1357 4110 nibil
1377 4033 1420 4111 iit
1434 4037 1547 4112 inca—¹

142 4149 243 4230 ieoa
270 4149 398 4229 talibus
419 4147 587 4228 iberum.
613 4149 656 4229 ld
681 4149 726 4227 de
744 4147 839 4227 filice
862 4149 935 4226 dici
956 4151 1087 4250 potest.

202 4269 402 4348 Noudion
424 4291 606 4356 vacuum,
635 4281 827 4356 atomum,
856 4266 993 4367 aliaque
1021 4268 1187 4366 ingenus
1209 4265 1275 4344 ell'e
1300 4267 1543 4373 impoffibjlia,

142 4384 203 4462 fed
229 4401 372 4463 tantum
393 4408 473 4462 non
500 4381 574 4461 elle
594 4383 724 4462 divinar
750 4383 925 4485 sapientiae
949 4383 1209 4482 consentanea;
1240 4385 1303 4462 etfi
1326 4389 1421 4462 enim
1449 4381 1553 4459 nihil»

138 4499 247 4588 Deus
279 4501 518 4608 produllurus
548 4499 592 4584 fir
607 4560 624 4594 ,1
651 4501 718 4584 nili
750 4501 949 4582 secundum
972 4503 1068 4604 leges
1100 4503 1305 4613 sapientiae,
1333 4499 1465 4579 diuersa
1490 4516 1548 4576 ta-

831 4617 955 4698 illan
1015 4643 1039 4714 3
1455 4641 1547 4694 mm
