4184 5526
558 293 1860 386 398·ooarusncrunantarcticum,
1947 379 1951 384 ,

418 481 513 558 1698
554 462 591 525 te
614 473 720 549 parva
739 443 929 534 &infinita
960 441 1132 542 possrbilia
1171 439 1377 530 crederem,
1419 463 1478 517 me
1505 439 1754 522 concessurum
1787 467 1828 520 ea
1854 439 1949 540 csse;

384 565 523 671 linguis,
555 589 632 643 non
662 567 745 642 ideo
763 563 837 638 dixi
860 587 900 638 ea
919 559 985 637 esse
1010 555 1234 660 impossibilia
1242 583 1253 652 3
1281 557 1344 672 'sed
1365 583 1441 636 rem
1462 563 1499 634 in
1524 560 1646 639 medio
1664 560 1783 639 adhuc
1812 562 1947 661 reliqui

460 741 463 748 .
556 683 652 762 Cum
678 680 805 778 negavi
823 681 865 756 ad
889 682 1053 756 minimas
1086 681 1270 776 portiones
1282 674 1461 763 deveniri,
1493 676 1598 754 facile
1623 679 1774 774 judicari
1811 694 1950 777 poterat

555 825 615 879 me
638 823 715 876 non
742 798 907 874 locutum
931 796 975 872 de
999 797 1124 870 nostris
1145 789 1413 880 divisionibus,
1432 794 1488 870 sed
1510 793 1616 870 etiam
1631 795 1676 870 de
1696 794 1764 872 illis
1784 796 1949 896 quacaiin

554 916 648 994 fiunt
664 918 703 991 in
727 931 863 993 natura
922 912 993 991 Etsr
1023 916 1134 1010 igitur
1166 935 1234 1013 pro
1260 926 1359 987 certo
1387 909 1556 1000 habeam,
1590 912 1787 1012 quamlibet
1813 931 1948 1011 partem

553 1031 797 1113 nrateriaeesse
821 1031 934 1108 rursus
956 1030 1033 1106 atiu
1053 1027 1286 1110 subdivisam,
1320 1053 1395 1104 non
1442 1030 1524 1104 ideo
1563 1044 1683 1106 tamen
1727 1029 1813 1105 binc
1854 1028 1948 1129 sequi

551 1167 664 1252 puto·‚
698 1149 798 1248 quod
823 1149 927 1225 detur
956 1151 1078 1245 portio
1104 1148 1258 1220 materiae
1276 1143 1412 1220 infinite
1444 1169 1571 1245 parva;
1604 1148 1641 1222 &
1673 1149 1791 1223 mirus
1833 1147 1946 1224 adhuc

551 1268 650 1366 sequi
686 1265 877 1352 concedo,
910 1264 1010 1365 quod
1030 1263 1102 1340 ulla
1131 1263 1234 1338 detur
1254 1265 1375 1359 portio
1398 1267 1551 1338 omnino
1584 1265 1742 1339 minima
1803 1263 1843 1342 Si
1872 1268 1944 1363 quis

552 1383 844 1461 consecutionem
864 1386 902 1457 in
927 1381 1082 1457 sormam
1107 1379 1267 1477 redigere
1290 1379 1395 1466 velit,
1429 1378 1553 1456 sentiet
1573 1377 1831 1458 difficultatem.
1900 1381 1944 1458 At
2067 1451 2068 1460 ,

551 1503 717 1600 inquies:
758 1498 784 1574 fi
813 1499 911 1576 nulla
936 1499 985 1574 est
1003 1495 1139 1572 infinite
1162 1501 1311 1594 exigua,
1344 1521 1432 1592 ergo
1448 1495 1683 1595 fingnlaesunt
1698 1496 1817 1574 finitae.
1849 1497 1943 1576 Con·

550 1617 670 1704 cedo,
704 1614 729 1691 fi
751 1614 897 1714 singula
919 1613 999 1691 sunt
1024 1613 1154 1700 finitae,
1187 1637 1276 1712 ergo
1309 1635 1434 1690 omnes
1456 1613 1558 1692 srmul
1588 1614 1710 1692 sumtae
1729 1613 1943 1692 constituent

549 1733 837 1832 magnitudinem
848 1731 1032 1808 infinitam.
1068 1728 1173 1808 Hanc
1186 1729 1475 1830 consequentiam
1488 1755 1564 1807 non
1574 1730 1752 1826 concedo;
1768 1733 1942 1808 concede-

550 1873 628 1926 rem
649 1849 674 1925 fi
692 1850 807 1948 aliqua
822 1851 963 1928 daretur
972 1847 1089 1935 finita,
1122 1872 1202 1948 quac
1212 1850 1331 1923 minor
1341 1843 1423 1923 esset
1436 1847 1568 1924 caretis
1579 1847 1758 1942 omnibus,
1784 1847 1942 1925 vescente

547 1965 648 2045 nulla
666 1966 732 2044 alia
758 1970 872 2064 major
885 1993 896 2061 ;
928 1980 1016 2043 tunc
1040 1967 1137 2040 enim
1157 1965 1269 2040 fateor
1290 1963 1417 2042 talibus
1438 1961 1612 2051 assumtis,
1645 1964 1808 2064 pluribus
1838 1989 1941 2066 quarn

413 2147 419 2178 η,
550 2086 601 2160 est
623 2082 724 2160 datus
750 2107 920 2160 numerus
939 2085 1075 2182 quivis,
1110 2084 1196 2156 oriri
1225 2083 1459 2181 quantitatem
1480 2084 1655 2179 majorem
1677 2079 1759 2157 data
1779 2085 1900 2182 quavis
1928 2141 1938 2169 ,

546 2201 610 2278 sed
634 2201 793 2288 constat,
816 2203 943 2306 quavis
958 2213 1058 2298 parte
1071 2197 1175 2274 aliam
1192 2199 1371 2274 minorem
1390 2197 1528 2274 finitam
1547 2195 1631 2275 dari.
1673 2197 1800 2300 ¹Uteris
1825 2221 1940 2275 exero-

546 2319 612 2420 plo
647 2315 727 2421 sane
763 2319 808 2394 ad
846 2339 924 2394 rem
955 2313 1241 2394 accommodato.
1302 2313 1481 2394 Ponamus
1517 2315 1556 2390 in
1593 2313 1685 2390 linea
1722 2315 1803 2411 astu
1836 2315 1933 2404 dari,

570 2449 587 2500 1
690 2450 704 2499 1
806 2451 822 2500 1
921 2449 937 2501 r
1041 2449 1055 2499 1
1142 2455 1148 2462 ·

552 2523 623 2616 ἶ,
667 2519 749 2634 ἶ,
788 2521 867 2627 -8--,
905 2521 975 2616 ff,
1018 2521 1086 2630 ᾗ·
1100 2482 1168 2560 &c
1184 2473 1378 2581 omnesque
1388 2479 1483 2556 seriei
1493 2478 1599 2579 liujus
1609 2481 1782 2586 terminos
1793 2481 1872 2558 adu
1882 2505 1939 2558 ex·

544 2647 673 2740 istere3
704 2645 791 2722 hinc
816 2647 923 2723 infers
943 2649 1018 2724 dari
1042 2649 1078 2721 dr
1099 2645 1384 2733 infinitefimum,
1417 2605 1478 2722 sed
1510 2670 1581 2746 ego
1608 2645 1699 2722 nihil
1732 2645 1831 2724 aliud
1857 2647 1939 2726 hinc

2067 3825 2068 3878 r

544 2775 638 2862 puto
656 2763 773 2863 sequi,
806 2786 915 2862 quam
937 2765 1016 2842 aliu
1043 2763 1118 2838 dari
1140 2757 1521 2863 quamvissratlionem
1542 2761 1680 2839 finitam
1700 2761 1941 2862 affignabiiem

543 2878 715 2980 cujusque
741 2883 933 2982 parvitatis.
994 2879 1163 2958 Similiter
1191 2883 1229 2956 in
1264 2893 1390 2967 motu,
1433 2880 1470 2955 &
1499 2877 1524 2954 fi
1555 2903 1621 2980 per
1654 2882 1780 2955 omnia
1812 2881 1940 2983 ponda

542 2996 757 3083 transeatur,
791 3020 867 3071 non
892 3011 1013 3072 tamen
1025 2993 1187 3096 sequitur
1206 2996 1283 3076 duo
1300 2997 1526 3098 punsla'dari
1553 2995 1617 3073 fibi
1635 2995 1774 3072 infinite
1802 3001 1937 3086 vicina,

544 3113 581 3186 ἃ
600 3112 718 3190 multo
750 3113 869 3190 minus
900 3114 976 3190 dari
1014 3113 1078 3189 fibi
1101 3117 1277 3216 proxima.
1340 3111 1387 3190 Et
1423 3135 1543 3190 revera
1577 3111 1708 3213 punita
1735 3118 1934 3214 concipio,

542 3252 621 3306 non
660 3243 701 3307 ut
726 3230 903 3307 elementa
920 3229 1041 3318 lineae,
1075 3230 1133 3307 sed
1161 3245 1200 3308 nt
1214 3228 1343 3308 limites
1357 3245 1382 3318 ,'
1402 3229 1462 3306 seu
1484 3234 1693 3329 negationes
1734 3229 1937 3330 progressus

541 3347 747 3434 ulterioris,
780 3345 853 3424 five
873 3363 915 3425 ut
935 3345 1037 3424 linea
1059 3345 1268 3424 murrinos·
1413 3363 1416 3368 '
1645 3373 1647 3380 ‘

586 3463 701 3556 Quod
727 3464 771 3539 ad
799 3468 962 3563 corporis
986 3479 1146 3542 naturam
1172 3466 1319 3553 attinet,
1351 3463 1439 3564 saepe
1458 3464 1534 3542 dixi
1558 3465 1694 3566 [qnod
1712 3466 1843 3544 videris
1863 3490 1939 3544 non

541 3582 777 3678 improbare]
809 3583 932 3656 omnia
949 3581 1243 3680 phaenomenain
1263 3577 1479 3680 corporibus
1500 3581 1668 3681 explicari
1679 3581 1778 3683 posse
1796 3584 1939 3662 mecha·

541 3698 647 3783 nice,
680 3695 845 3796 adeoque
876 3699 912 3772 dc
937 3701 1011 3773 vim
1035 3697 1233 3774 clasti'cam:
1265 3701 1409 3774 interim
1436 3696 1508 3798 ipsa
1533 3699 1710 3799 principia
1736 3697 1939 3778 nsechmts.

540 3814 611 3896 mi,
645 3805 884 3912 seuLegum'
898 3829 1020 3890 motus
1038 3838 1085 3890 ex
1104 3814 1177 3890 sola
1204 3813 1487 3893 consideratione
1512 3815 1726 3894 extensionis
1756 3819 1794 3894 δι
1824 3809 1940 3918 inspe-¹

539 3929 784 4006 netrnbilitatis
803 3949 877 4008 non
903 3927 1195 4030 posse-derivari3
1225 3933 1343 4031 itaque
1365 3931 1585 4032 aliud-quid*
1612 3936 1651 4009 in
1687 3957 1844 4034 corpote
1871 3932 1939 4010 esse

538 4043 788 4133 statuendum,
822 4052 921 4145 cujus
949 4047 1219 4129 modificatione
1243 4052 1404 4128 oriantur
1427 4064 1576 4129 conatus
1601 4051 1640 4126 dc
1663 4053 1850 4150 impetus,
1886 4056 1938 4129 uti

419 4194 423 4202 =
537 4156 809 4238 modificatione
838 4165 1052 4242 extensronis
1072 4167 1243 4246 oriuntur
1264 4160 1399 4264 figurae.
1459 4163 1525 4242 Per
1550 4156 1758 4243 dissuadens
1772 4169 1936 4268 intelligo

534 4276 763 4354 substantiam
791 4300 876 4352 vere
897 4289 1032 4367 unam,
1061 4304 1139 4381 quae
1158 4281 1288 4360 scilicet
1307 4307 1383 4358 non
1410 4281 1451 4368 sn
1471 4301 1707 4382 aggregatum
1733 4284 1937 4365 substantia-

532 4416 623 4471 rum.
691 4391 845 4482 Mateta
878 4393 949 4494 ipsa
968 4419 1033 4498 per
1055 4397 1113 4485 se,
1129 4415 1132 4420 ·
1146 4398 1206 4476 seu
1227 4399 1365 4493 moles,
1381 4403 1583 4492 ¹materiam
1612 4405 1769 4505 primam
1807 4425 1934 4480 vocam

534 4533 727 4572 Ἂ-
1386 4539 1485 4586 ’.
1809 4516 1933 4628 pollio,
