4292 5530
311 343 750 420 trituramur
788 335 1470 436 uanuouttrt,ssrrsr.x.
1572 365 1620 440 49
1706 291 1709 296 1

214 501 421 600 retempto
444 495 563 577 Curva
591 494 730 599 quaesrta
752 493 981 597 perventum
1002 502 1091 588 erit,
1125 497 1184 576 sed
1217 501 1393 600 praestaret
1412 499 1454 578 'fi
1481 501 1619 605 semper
1681 503 1773 610 ¹⁶95

193 615 296 731 ssalia
324 613 549 696 Problemata
566 611 708 715 pollent
729 615 854 696 reduci
878 617 922 694 ad
948 620 1166 718 aquationes
1184 617 1443 696 differentiales.
1505 621 1637 706 caete,
1685 598 1769 670 Mal

210 757 296 812 rum
318 733 385 812 nifi
411 731 655 834 explicuissem
676 757 704 808 x
721 759 824 843 pery
848 740 898 824 -Ι-
917 760 960 824 r,
993 736 1051 812 vel
1077 735 1209 824 sunile,
1240 761 1321 816 non
1342 736 1534 837 potuissem
1552 737 1620 815 ins-

214 855 346 930 tituere
376 851 640 953 divulsionem,
670 856 758 954 quia
783 856 927 931 numeri
951 853 1055 954 ipsrus
1081 857 1290 955 aquationis
1315 849 1410 959 (5)
1435 881 1513 933 non
1534 856 1620 934 suis-

212 968 290 1046 sent
306 968 448 1070 ingrelli
476 969 666 1049 calculum.
727 969 773 1050 Et
789 975 828 1048 in
849 971 1054 1050 universum
1077 971 1172 1050 Artis
1187 971 1310 1060 soret,
1344 973 1435 1048 mihi
1454 975 1622 1082 nondum

211 1084 290 1164 satis
318 1090 502 1186 cognitae,
533 1086 632 1188 posse
647 1088 771 1166 seriem
795 1088 973 1168 infinitam
1001 1114 1170 1167 revocare
1195 1089 1240 1167 ad
1272 1095 1513 1191 aequationem
1544 1091 1645 1167 lini-1

210 1219 287 1282 tam
313 1204 586 1284 differentialem
605 1206 847 1308 cujuscunque
874 1205 1083 1286 eudemum
1109 1206 1151 1284 fit
1178 1209 1330 1308 gradus,
1365 1214 1506 1310 quoties
1524 1233 1625 1286 nem-

209 1345 258 1424 pe
279 1347 335 1400 res
358 1322 435 1402 fieri
453 1324 579 1424 potest.
642 1325 740 1403 Nam
767 1325 904 1404 dubito
924 1350 970 1403 an
992 1325 1129 1426 semper
1149 1325 1192 1403 fit
1210 1325 1392 1427 possibilia.

272 1439 374 1518 Talia
394 1441 513 1519 adhuc
532 1442 635 1543 plura
653 1443 770 1520 habeo
797 1441 1014 1544 desiderata,
1048 1467 1094 1520 ex
1115 1445 1246 1544 quibus
1270 1460 1415 1545 apparet
1448 1460 1624 1546 quantum

213 1556 357 1658 Analyfi
377 1558 496 1637 adhuc
519 1559 625 1648 desit,
660 1564 760 1658 cujus
783 1559 941 1640 defessus
963 1560 1151 1662 supplere,
1185 1565 1336 1662 ingenio
1355 1563 1441 1640 Tuo
1460 1567 1622 1662 inprimis

214 1674 369 1774 dignum
389 1678 552 1772 videtur3
584 1667 895 1780 quemadmodum
915 1678 1007 1756 illud
1031 1703 1179 1780 quoque
1208 1682 1308 1778 cujus
1334 1683 1560 1758 mentionem
1583 1685 1622 1758 in

212 1786 357 1870 Aesis*
379 1798 511 1892 injeci,
541 1819 629 1874 cum
657 1794 702 1872 de
733 1795 927 1874 Isochrona
951 1799 1192 1896 paracentrica
1226 1823 1342 1899 nuper
1378 1823 1546 1898 agerem,
1580 1813 1622 1878 ut
1658 1813 1696 1888 ζ,
1761 1799 1766 1809 ’

212 1911 469 2016 prostquamur
499 1912 576 1990 illac
607 1937 731 1992 curvas
770 1913 1085 2002 transcendentes,
1119 1940 1273 2016 quarum
1302 1916 1434 2015 puncta
1475 1919 1620 2018 quotvis

212 2052 279 2129 per
306 2033 512 2110 communis
535 2031 754 2112 Geometriae
776 2033 1057 2110 construetiones
1080 2035 1233 2109 mvenni
1262 2031 1408 2134 possunt
1431 2027 1479 2110 ad'
1503 2037 1621 2111 imita-

212 2149 352 2226 tionem
380 2147 578 2228 settionum
606 2151 731 2250 anguli
763 2151 800 2226 dc
830 2152 986 2228 rationis.
1048 2145 1285 2254 integralium
1308 2151 1500 2252 appellatio
1528 2151 1619 2228 mihi

210 2289 288 2342 non
313 2265 494 2366 displicet,
527 2269 566 2343 u
599 2293 618 2345 a
647 2293 705 2344 me
733 2288 879 2368 quoque
903 2267 1085 2345 interdum
1113 2269 1186 2346 Tui
1222 2271 1422 2345 imitatimre
1460 2268 1619 2347 adhibita

210 2383 264 2460 est
271 2409 283 2478 3
315 2385 528 2485 plerumque
553 2400 675 2462 tamen
690 2381 944 2486 stammana
964 2386 1144 2463 vocabulo
1165 2387 1222 2481 'uti
1245 2386 1364 2476 malo,
1397 2390 1482 2488 quia
1502 2390 1617 2487 magis

212 2499 404 2580 luciferum
422 2503 492 2590 est,
526 2503 762 2601 &originem
781 2502 890 2603 ipsam
913 2503 1155 2580 meditationis
1182 2504 1345 2582 ostendit

274 2619 424 2698 Gaudeo
452 2619 679 2718 intelligere,
716 2645 795 2721 quae
817 2619 1002 2699 Dominus
1027 2621 1222 2700 Curare
1241 2623 1328 2699 Tibi
1354 2621 1551 2722 sumpserit,
1578 2623 1616 2700 &
1716 2641 1724 2650 “

212 2758 293 2838 qua
317 2737 363 2813 de
384 2735 425 2813 R.
445 2736 482 2814 P.
504 2735 741 2814 Rarnenu
773 2737 890 2814 resera
952 2738 1121 2818 Domino
1145 2739 1342 2818 Carinae
1370 2764 1507 2828 nemo,
1541 2764 1618 2818 cre-

212 2853 291 2943 d0,
325 2854 381 2932 Te
414 2854 542 2933 melius
568 2855 795 2936 consuluerit.
830 2855 947 2934 Dnua
1007 2856 1309 2935 Cnrarnnus
1333 2861 1453 2934 minus
1486 2857 1619 2934 sincere
1675 2903 1684 2918 κ

211 2976 312 3072 egit,
346 2973 714 3074 quemadmodum&
743 2971 861 3052 Dnua
921 2972 1152 3053 Oznunm.
1213 2974 1278 3053 llle
1304 2979 1403 3054 urim
1426 2975 1619 3056 Calcrdum

213 3089 515 3175 differentialema
547 3089 610 3168 lric
633 3115 751 3169 meam
775 3092 901 3171 circuli
931 3091 1075 3180 seriem,
1108 3115 1178 3192 pro
1201 3107 1302 3193 parte
1337 3117 1422 3172 cum
1444 3091 1621 3192 percepis-
1748 3133 1752 3136 ·

214 3205 310 3296 sent,
336 3208 532 3286 laureolam
548 3213 588 3284 in
611 3212 792 3288 mustaceo
814 3207 1025 3310 quaefivere3
1040 3234 1126 3288 cum
1148 3196 1240 3286 nihil
1258 3211 1303 3286 de
1323 3205 1617 3287 suoaddidilsent.

214 3324 512 3404 Cararnnus
543 3351 650 3416 vero,
683 3329 820 3429 alioqui
843 3327 934 3403 milri
957 3318 1176 3416 contrarius,
1211 3329 1318 3402 etlam
1341 3349 1420 3401 mea
1442 3323 1519 3402 haec
1533 3349 1619 3426 qua-

212 3442 404 3545 liacunque
428 3445 652 3544 deprimere,
685 3461 728 3524 ut
750 3444 884 3530 audio,
910 3460 1059 3523 conatus
1079 3447 1137 3522 est.
1200 3443 1293 3544 Ante
1312 3441 1620 3543 paucasseptima-

215 3583 276 3638 nas
307 3557 462 3668 Lipstam
477 3563 631 3640 scribens
643 3564 756 3662 adjeci
769 3562 1007 3651 schediasma,
1041 3563 1097 3640 Te
1121 3559 1217 3663 quasi
1238 3564 1434 3650 invitante,
1467 3561 1618 3639 sedbre-

215 3677 415 3775 vilsnnmn3
445 3685 465 3778 †
490 3683 542 3757 ibi
561 3685 685 3760 notavi
716 3679 825 3760 etiam
855 3679 928 3758 fine
954 3678 1237 3758 consideratione
1259 3683 1374 3756 centri
1402 3682 1613 3777 gravitatis,

214 3821 291 3874 uno
312 3799 410 3876 velut
432 3811 648 3886 momento,
681 3799 726 3876 ad
744 3798 949 3900 praedictam
966 3798 1065 3876 illam
1086 3797 1390 3876 constmttionem
1403 3795 1523 3874 Tuam
1536 3821 1617 3898 per-

214 3919 335 3994 veniri
350 3914 472 4017 polle,
505 3939 578 4017 ope
606 3913 762 3993 solamm
787 3914 1085 3994 differentialium.
1147 3917 1246 3992 Nam
1269 3913 1453 3991 descensus
1483 3914 1541 3991 vel
1568 3912 1617 3990 as-

182 4021 186 4024 *
215 4035 339 4112 census
365 4034 546 4112 verticales
567 4034 739 4133 ponderis
764 4034 801 4108 &
831 4043 957 4110 contra
974 4033 1103 4132 pondis
1130 4031 1211 4109 sunt
1229 4031 1404 4111 elementa
1438 4033 1617 4110 ordinata-

277 4143 382 4230 Tam.
414 4148 448 4230 l.
698 4181 707 4188 ”
1023 4149 1060 4230 G
1510 4174 1614 4246 rum3

257 4340 275 4374 ⁸
297 4343 387 4426 1694.
408 4345 478 4424 lug.
499 4366 564 4426 pag.
589 4343 743 4423 366-368.
764 4342 812 4408 vel
828 4343 886 4420 Jac.
910 4343 1036 4408 Banu.
1055 4343 1132 4425 Opp.
1155 4342 1208 4406 N‘’.
1221 4350 1269 4423 ⁶4·
1283 4365 1311 4423 p.
1327 4345 1435 4422 635.&
1456 4342 1512 4420 seq.
1562 4403 1565 4409 .

255 4425 329 4488 40.
351 4427 386 4490 G.
403 4426 434 4491 L.
458 4431 633 4490 Notimcula
653 4431 692 4488 ad
708 4427 918 4509 constrw'lionet
941 4430 1015 4488 linea
1035 4433 1068 4488 in
1098 4449 1155 4508 qua
1179 4423 1315 4506 sarronae,
1336 4427 1524 4504 equitatuum
1551 4441 1616 4484 cum

215 4510 334 4586 metere
352 4523 426 4570 meto
441 4505 548 4588 saeiqm
567 4513 690 4572 merdae
710 4513 793 4574 dedet
817 4513 871 4573 &a
885 4509 1050 4574 netaErud.
1075 4509 1145 4591 lips
1161 4515 1249 4593 1695.
1266 4511 1360 4590 April.
1383 4525 1447 4588 pag.
1471 4515 1537 4584 184·
1549 4501 1614 4577 J0h·

217 4589 440 4672 uranopp.
465 4591 893 4675 T.1.N⁰,XXlV.papr39.·
1032 4658 1035 4666 ,
1160 4625 1164 4632 ·
1200 4623 1206 4634 ·
1381 4613 1384 4622 ’
