4266 5534
279 315 1448 440 1113111111ΒΜΕΚΝΟΜΗῙᾸΜΜᾹΟΠΧ
1517 335 1588 415 179

181 487 291 589 quod
314 512 386 588 ego
408 491 448 564 in
472 487 634 589 pluribus
657 487 839 567 solveram.
872 484 1033 569 Modum
1062 489 1209 591 quidem
1228 491 1353 572 Tuum
1386 492 1590 593 generalem
1637 479 1761 570 ¹39⁶.
1869 540 1871 548 ,

182 606 350 684 tradebas
368 613 412 701 *3
444 605 549 684 sedsi
574 607 750 686 resumere
768 609 901 709 placet,
934 609 1069 686 videbis
1100 607 1438 712 illumplerumque
1465 611 1588 691 locum
1659 581 1734 675 lul·
1883 661 1887 675 ι

184 743 267 802 non
294 723 449 810 habere,
480 725 626 826 quando
650 751 766 804 curvae
796 725 972 826 politione
1000 728 1089 804 datae
1119 725 1199 802 sunt
1218 726 1523 818 transcendentes,
1545 744 1588 809 ut

185 843 227 920 in
254 841 328 919 hoc
356 842 434 942 ipso
463 843 630 942 exemplo
660 843 872 946 apparebit3
904 843 1045 922 alterius
1066 841 1261 942 Exempli,
1303 845 1407 945 quod
1437 851 1474 922 in
1501 871 1586 925 meo

187 957 439 1036 schediasmate
459 983 651 1060 propono,
672 960 718 1036 de
743 959 1023 1059 Logarithmicis
1047 983 1110 1061 per
1136 985 1282 1037 curvam
1303 963 1510 1040 normaliter
1535 965 1587 1041 se·

188 1076 338 1160 candia,
367 1076 539 1154 nondum
569 1077 718 1177 quidem
746 1078 1084 1162 construslionem,
1118 1101 1186 1154 nec
1213 1082 1452 1178 aequationem
1484 1080 1585 1156 diffe-

188 1193 376 1271 rentialem
400 1196 508 1293 primi
526 1179 823 1301 gradusinven'i‚
857 1194 917 1271 sed
943 1210 1063 1273 tamen
1084 1193 1207 1272 seriem
1229 1197 1423 1296 quamdam
1452 1196 1585 1296 simpli-

188 1307 360 1388 cllllmam
377 1333 446 1410 pro
475 1311 534 1387 illa
561 1310 729 1388 exhibere
748 1309 898 1410 possum.
961 1313 1150 1391 Coeterum
1173 1314 1361 1411 egregium
1381 1315 1449 1402 est,
1483 1312 1584 1417 quod

188 1425 379 1506 observasti
404 1427 450 1503 de
472 1425 674 1526 Triangulo
709 1427 916 1526 tetrangulo
953 1421 1192 1535 Pythagorico.
1254 1427 1334 1528 Ego
1364 1430 1443 1507 sane
1476 1436 1584 1508 etiam

187 1545 303 1622 multa
319 1567 397 1623 non
417 1543 682 1621 contemnenda
713 1545 833 1621 detexi
855 1567 901 1620 eir
931 1543 1117 1622 occasione
1147 1548 1218 1620 mei
1240 1545 1499 1643 Problematis;
1530 1552 1588 1626 ins

187 1675 245 1740 ter
270 1661 336 1740 alia
361 1659 535 1760 insignem
572 1660 766 1760 quamdam
791 1663 1048 1760 proprietatem
1074 1661 1283 1762 Cycloidis,
1315 1687 1395 1762 quae
1415 1664 1492 1742 haec
1523 1666 1582 1742 est.

188 1777 303 1878 Super
324 1780 417 1858 retia
443 1778 476 1858 C
483 1777 521 1856 D
550 1771 658 1882 (fig.
680 1775 788 1879 42.)
813 1777 995 1878 descriptoe
1019 1778 1286 1878 semicycloides
1306 1780 1440 1856 eaedem
1470 1781 1580 1871 AD,
1604 1803 1687 1870 Tan,
1706 1801 1768 1872 vn,

186 1894 270 1982 ad,
295 1892 377 1987 ad,
412 1898 472 1972 &c
490 1919 617 1974 omnes
642 1895 850 1972 normaliter
875 1895 1086 1974 secabuntur
1109 1896 1152 1972 ab
1169 1896 1338 1973 omnibus
1362 1896 1585 2000 semlcycloi-

187 2013 294 2091 dibus
327 2012 451 2090 iisdem
483 2006 571 2092 Cb,
597 2004 673 2106 cb,
701 2004 780 2106 cb,
812 2015 880 2089 &o
915 2011 1019 2112 super
1051 2011 1215 2112 parallela
1241 2004 1334 2101 Ab,
1370 2013 1579 2116 descriptis:

188 2127 298 2208 Unde
315 2129 433 2207 nescio
461 2131 549 2232 quid
578 2129 755 2229 peculiare
778 2127 908 2206 accidit
933 2128 1102 2232 Cycloidi
1109 2155 1121 2225 3
1154 2132 1228 2226 ejus
1249 2133 1345 2206 enim
1362 2131 1506 2210 evoluta
1533 2137 1591 2212 est¹

187 2245 358 2346 Cyclois3
390 2249 464 2345 ejus
487 2246 637 2326 caustica
656 2247 706 2324 est
729 2245 876 2348 Cyclois
896 2274 907 2342 3
939 2271 1038 2324 nunc
1058 2252 1132 2347 ejus
1151 2246 1320 2322 normalis
1342 2265 1511 2350 perpetua
1532 2253 1583 2329 est
1709 2231 1730 2254 ⁵

185 2366 313 2442 itidem
336 2363 502 2465 Cyclois,
537 2365 742 2464 &quidem
766 2364 900 2441 eadem.
961 2363 1049 2442 Haec
1087 2387 1174 2441 vero
1201 2367 1324 2441 omnia
1364 2370 1430 2443 tria
1475 2371 1583 2445 etiam

187 2485 411 2560 conveniunt
428 2480 708 2581 Logarithmicae
729 2481 873 2582 spirali,
908 2477 1016 2582 quam
1036 2474 1167 2558 Frater
1184 2505 1286 2558 meus
1307 2497 1413 2560 vocat
1442 2482 1583 2584 Spirani

188 2599 418 2688 mirabilem,
451 2603 581 2700 inqua
610 2623 681 2698 ego
704 2602 841 2698 primus
862 2600 1015 2687 inueni,
1048 2597 1149 2698 quod
1180 2622 1248 2698 pro
1278 2597 1421 2676 evoluta
1453 2599 1581 2678 habeat

186 2714 351 2816 spiralem
381 2715 553 2792 eamdem.
615 2713 670 2794 En
697 2717 808 2814 igitur
828 2715 1028 2792 mirabilem
1054 2712 1259 2792 affinitatem
1278 2716 1370 2791 inter
1393 2715 1479 2794 duas
1501 2720 1580 2795 istas

187 2856 321 2912 curvas.
382 2833 420 2910 Si
443 2835 522 2934 quis
538 2832 753 2933 profundius
774 2831 982 2932 perscrutari
996 2828 1122 2921 vellet,
1155 2855 1234 2933 quae
1257 2831 1339 2909 dico
1354 2836 1393 2908 in
1412 2833 1581 2911 schedias-

186 2965 282 3028 mate
301 2974 407 3039 meo‚
441 2949 596 3049 amplam
616 2949 694 3027 satis
718 2953 902 3027 materiam
925 2973 992 3050 pro
1013 2949 1087 3049 hoc
1104 2948 1258 3026 haberet.
1320 2949 1438 3030 Curva
1461 2954 1580 3031 nostra

187 3065 518 3169 Brachyltochrona
546 3065 705 3143 infinitos
727 3067 835 3143 habet
864 3065 959 3144 casus
987 3067 1217 3167 particulares
1229 3093 1240 3161 ;
1272 3066 1362 3145 utsi
1397 3083 1579 3167 peteretur

186 3209 235 3262 ex
259 3185 404 3262 infinitis
421 3184 573 3264 arcubus
593 3183 845 3273 circularibus,
877 3187 940 3284 qui
958 3207 1023 3283 per
1048 3184 1123 3261 duo
1144 3185 1274 3282 punaa
1296 3183 1377 3259 data
1403 3184 1577 3283 ducipos-

185 3300 288 3391 sunt,
320 3303 381 3380 ille
410 3305 473 3404 qui
499 3300 657 3402 respeitu
684 3299 908 3401 reliquorum
936 3299 1017 3377 esset
1036 3300 1212 3376 celerrimi
1235 3297 1441 3387 descensus,
1473 3301 1572 3390 idest,

186 3417 214 3495 fi
234 3421 366 3497 eodem
390 3433 622 3496 momentoa
651 3419 788 3518 panno
821 3416 906 3495 dato
928 3418 1200 3495 demitterentur
1227 3417 1347 3513 gravia
1371 3440 1436 3514 per
1453 3415 1602 3516 singu-¹=

185 3535 244 3613 los
269 3561 393 3625 arcus,
426 3540 574 3638 quinam
595 3534 655 3610 ille
678 3531 786 3624 esset,
819 3559 1014 3636 perquem
1043 3559 1150 3633 grave
1168 3529 1328 3608 citissime
1358 3533 1403 3609 ad
1424 3532 1576 3613 alterum

183 3653 362 3752 pandum
388 3653 512 3732 datum
546 3655 707 3729 veniret:
740 3651 824 3740 vel,
857 3650 884 3727 si
911 3651 998 3729 loco
1024 3675 1171 3729 arcuum
1203 3649 1428 3726 circularium
1455 3649 1578 3729 substi-

186 3783 373 3848 tuerentur
400 3795 501 3848 arcus
528 3768 676 3846 aliarum
697 3793 887 3848 curvarum
920 3767 1261 3861 determinatarum3
1293 3765 1363 3842 Vel
1386 3769 1516 3856 etiam,
1549 3767 1603 3845 fi*

183 3883 289 3985 super
307 3886 398 3966 linea
417 3887 509 3966 reita
520 3885 595 3963 duo
607 3885 686 3964 data
706 3889 836 3987 punita
851 3889 1105 3990 conjungente,
1122 3887 1303 3982 erigantur
1316 3882 1452 3959 infinita
1469 3886 1578 3960 trian-

184 4004 271 4102 gula
292 4003 470 4098 isoscelis,
501 4003 559 4080 vel
588 4003 764 4104 triangula
788 4003 1014 4101 restangula,
1059 4000 1116 4076 vel
1140 4001 1214 4076 aliae
1233 3999 1356 4099 figurae
1382 4001 1577 4082 restilinea·

179 4145 260 4208 res,
294 4121 431 4223 semper
451 4120 565 4222 posset
587 4126 698 4221 quaeri
719 4121 813 4200 casus
834 4119 983 4197 citissimi
1012 4117 1211 4196 descensus:
1244 4118 1335 4195 adeo
1357 4133 1398 4196 ut
1417 4133 1473 4195 tot
1487 4118 1576 4197 Pro·

185 4237 342 4318 blemata
369 4240 593 4345 particularia
608 4243 756 4322 formari
779 4235 920 4346 possent
948 4251 1039 4341 quot
1062 4237 1228 4330 liberet,
1269 4237 1307 4317 δι
1337 4234 1386 4315 fic
1414 4237 1577 4314 nostrum

883 4356 918 4442 Z
978 4377 1002 4441 2
1431 4352 1580 4432 Prome..

268 4541 286 4578 ⁴¹
303 4543 387 4626 Epist
412 4541 473 4618 vi,
