4292 5530
317 313 649 388 erranrrrr
676 283 748 386 nr
776 315 1470 406 bramburiensem.
1570 313 1622 416 ἐγ

211 469 342 528 tenum
367 459 567 547 terniones,
610 480 696 553 17-
697 479 819 554 4-3-
786 481 1000 551 -3rerunr
1031 461 1205 538 biniones.
1267 461 1338 540 Sed
1357 467 1500 544 numeri
1514 487 1617 544 com·
1665 492 1763 570 1695

218 564 391 650 binatorii
419 575 534 653 rursus
558 597 605 652 ex
631 576 815 676 produttis
847 578 1069 657 arithmetice
1098 579 1409 677 progredientium
1429 583 1545 671 iun,
1575 575 1616 666 ut
1679 579 1767 676 Jun-

217 686 375 776 constat,
408 692 506 768 unde
485 717 585 769 res
604 695 644 769 in
661 692 788 772 effeilu
811 718 896 773 cunr
918 695 998 774 Tua
1017 695 1134 771 forma
1165 697 1347 778 coincidit.

116 802 131 822 “
267 801 525 900 Problemata,
545 812 728 909 inquibus
746 813 915 911 quaeritur
925 835 971 890 ex
983 811 1086 888 hners
1100 813 1269 890 omnibus
1282 839 1354 896 una
1366 818 1529 915 praestans
1549 818 1612 900 ali·

216 919 348 1018 quid
337 923 585 1002 mdeliderat'u
600 930 810 1016 maximum,
825 951 902 1006 non
921 926 1066 1028 poliunt
1084 925 1171 1004 Tibi
1184 926 1368 1008 elsenova
1383 930 1453 1010 Sed
1471 957 1612 1040 novum

217 1033 358 1116 fortaffe
381 1043 454 1129 est,
487 1067 564 1119 rem
587 1043 763 1122 methodo
798 1044 951 1146 quadam
975 1043 1144 1146 aggredi,
1173 1046 1286 1148 qualis
1321 1047 1380 1144 illa
1403 1050 1477 1138 est,
1501 1074 1611 1150 quarn

217 1151 264 1230 ad
287 1153 343 1232 Te
368 1181 485 1259 nuper
510 1157 714 1260 perscripsi,
747 1163 786 1236 ih
816 1183 887 1261 qua
914 1184 993 1261 quae
1023 1176 1148 1239 conua
1177 1187 1325 1252 moves,
1357 1189 1435 1244 non
1468 1165 1610 1264 obsunt.
1690 1227 1692 1234 .

216 1267 315 1348 Cum
337 1297 485 1354 curvam
512 1275 691 1376 quaefitam
713 1273 849 1354 affumo
873 1295 914 1356 ut
936 1278 1077 1366 datam,
1110 1280 1214 1379 eique
1238 1278 1373 1380 alhgno
1397 1297 1530 1362 certam
1558 1281 1610 1360 se-

214 1389 328 1483 riem;
359 1393 485 1494 ntique
509 1393 682 1492 quamdin
700 1393 795 1469 hanc
823 1417 934 1471 unam
954 1394 1128 1501 respicio,
1160 1395 1263 1474 sumo
1291 1420 1317 1468 x
1345 1400 1383 1476 δι
1409 1423 1435 1471 z
1452 1422 1521 1500 pro
1548 1423 1611 1476 va

214 1505 417 1595 riabilibus,
442 1511 481 1584 dr
505 1532 554 1593 a,
586 1500 632 1600 b,
662 1511 780 1592 eder.
803 1532 870 1611 pro
893 1511 1143 1590 constantibus.
1204 1512 1274 1594 Sed
1306 1513 1379 1591 hoc
1406 1516 1520 1594 modo
1556 1515 1606 1592 se·
1714 1573 1719 1582 .

215 1621 292 1698 mel
313 1621 484 1705 assecutus
510 1629 748 1726 aequationem
779 1651 799 1703 a
831 1624 1121 1708 differentialibus
1150 1627 1322 1718 liberam,
1355 1655 1505 1732 eamque
1534 1636 1607 1736 jam

215 1736 263 1814 ad
288 1745 481 1820 maximam
513 1742 815 1840 accommodans3
846 1741 1032 1821 considero
1063 1741 1183 1843 plures
1211 1745 1296 1822 tales
1322 1745 1423 1826 series
1455 1745 1608 1848 potuills

213 1856 390 1956 intelligi,
424 1883 480 1936 eas
504 1876 624 1942 autem
643 1859 774 1942 habere
799 1881 828 1934 x
850 1861 887 1938 δι
909 1885 936 1932 z
954 1883 1188 1948 communes,
1220 1861 1280 1940 led
1307 1887 1355 1956 a,
1385 1856 1430 1954 1,
1461 1890 1503 1948 c,
1536 1867 1605 1946 &e

214 1970 296 2052 lunt
318 1978 510 2071 variantem
541 1975 603 2054 hae
630 1999 719 2076 ergo
744 1991 834 2057 tunc
855 1976 1084 2055 differentiari
1104 1993 1280 2078 oportet,
1313 2003 1391 2056 non
1413 1981 1497 2058 illas
1562 1979 1608 2062 Et

214 2094 370 2170 omnino
388 2091 422 2174 se
446 2117 502 2174 res
518 2094 649 2186 habet,
674 2109 716 2174 ut
737 2097 776 2176 iu
792 2115 876 2172 meo
901 2092 1040 2176 calculo
1062 2093 1289 2198 differentiali
1311 2100 1523 2208 reciproc03
1543 2099 1614 2176 ubi
1693 2081 1695 2086 ’

214 2207 432 2310 aliquando,
463 2235 541 2290 ιιοιι
575 2205 775 2302 ordinate,
817 2207 878 2288 sed
905 2214 1095 2312 parametri
1130 2212 1452 2292 differentiantur.
1483 2197 1608 2316 Itaque

213 2348 292 2402 non
311 2327 361 2404 est
377 2326 479 2427 quod
497 2332 654 2417 mireris,
687 2329 838 2408 eandem
854 2333 1089 2431 quantitatem
1112 2351 1231 2417 ame,
1263 2353 1362 2408 nunc
1377 2343 1419 2409 ut
1445 2331 1610 2416 constan

213 2455 314 2534 tem,
346 2460 500 2524 niarcut
515 2444 719 2524 variabilem
740 2445 840 2524 sumi.
902 2443 974 2526 Eth
995 2460 1115 2522 autem
1129 2448 1183 2523 via
1201 2445 1246 2522 ad
1266 2443 1609 2545 seriempervenien-

214 2558 256 2636 di
274 2561 526 2660 prolixiulcula
544 2562 727 2656 videatru,
745 2559 899 2642 iortalle
921 2577 1042 2642 tamen
1061 2561 1161 2640 series
1180 2561 1345 2662 ipsa-satis
1366 2562 1517 2666 smrplen
1533 2562 1605 2651 het,

213 2699 300 2758 cum
322 2677 394 2781 ipsa
416 2703 523 2760 curra
541 2679 681 2783 quaefita
709 2681 759 2757 est
782 2677 940 2780 deplere
986 2678 1204 2780 Quanquam
1224 2680 1284 2758 hie
1304 2679 1341 2758 id
1354 2693 1495 2758 tantum
1512 2705 1608 2788 quap-

149 2838 152 2850 ·
212 2809 330 2884 rattrr,
363 2810 406 2876 ut
425 2813 558 2876 certam
580 2796 626 2874 ad
651 2798 728 2876 haec
745 2795 978 2896 perveniendi
996 2795 1212 2874 methodum
1236 2797 1471 2876 obtneanus.
1580 2871 1587 2896 ,

196 2980 200 2988 .
273 2911 436 3004 Arcum,
468 2920 532 3016 qui
558 2919 758 2994 maximum
783 2909 1011 3013 segmentum
1042 2913 1122 2990 data
1149 2913 1378 3012 longitudine
1406 2912 1603 3002 includat,

212 3027 282 3110 effe
307 3032 510 3120 circulum,
544 3031 714 3116 nonalia
737 3030 914 3108 methodo
939 3053 1095 3130 quaerere
1124 3031 1387 3137 instituebam,
1419 3053 1505 3110 curn
1530 3029 1607 3108 hac

210 3148 412 3228 meditarer.
473 3148 632 3251 Oportet
649 3151 763 3228 veniri
779 3147 824 3224 ad
850 3148 985 3250 aliquid
1006 3148 1175 3225 omnibus
1191 3150 1307 3226 curvis
1327 3169 1542 3232 commune,
1565 3158 1607 3223 ut

212 3266 299 3343 inde
325 3265 387 3345 fiat
416 3265 565 3362 eledi03
597 3291 665 3347 nec
694 3265 791 3344 aliud
812 3265 981 3343 hailenus
1012 3266 1170 3370 occurrit
1192 3279 1336 3365 aptum,
1368 3285 1479 3362 quam
1503 3260 1605 3338 series

210 3381 375 3471 infinita,
407 3405 487 3483 quae
510 3407 638 3462 verum
661 3383 712 3462 est
737 3384 783 3460 ad
799 3383 881 3460 talia
906 3379 1096 3482 Analyleos
1123 3380 1421 3480 supplementum
1482 3376 1606 3478 lnqui·
1710 3409 1716 3422 ·

211 3499 339 3578 fitione
359 3502 535 3580 ιιιιιιιίιιιιικ
549 3503 642 3578 inter
660 3502 852 3587 maximas,
886 3493 1076 3600 [repetita
1099 3499 1206 3574 etiam
1232 3494 1489 3595 replicatione,
1511 3491 1604 3596 ]in·

213 3617 356 3696 tendum
376 3617 415 3696 de
433 3619 473 3694 in
497 3617 713 3697 mechanicis
737 3616 1021 3696 Problematibus
1044 3635 1137 3713 opus
1160 3606 1282 3692 habui.
1324 3609 1509 3715 lnquilitio
1524 3609 1606 3698 Tua

191 3736 376 3814 maadmae
394 3735 487 3812 inter
512 3738 686 3812 terminos
704 3733 892 3819 serierum,
924 3731 970 3810 ad
996 3731 1236 3808 imitationem
1254 3731 1418 3827 maxinrae
1438 3729 1532 3806 inter
1544 3750 1605 3804 or·

211 3850 347 3928 dinatas
368 3849 589 3950 figurarum,
621 3875 699 3928 non
719 3851 863 3928 videtur
877 3846 1151 3926 contemnenda.
1210 3837 1440 3926 Veriihrnum
1466 3845 1516 3922 est
1536 3841 1603 3920 elle

210 3964 252 4046 in
273 3991 465 4046 curruum
499 3967 639 4068 pnntlis
667 3957 879 4066 quibusdam
909 3963 1005 4064 quali
1026 3963 1298 4062 irregularitates
1320 3965 1413 4041 circa
1444 3963 1601 4040 maxima

210 4083 271 4162 vel
299 4087 476 4173 minima,
508 4081 646 4172 flexus,
680 4084 717 4159 δι
744 4094 930 4180 tangentes
938 4105 951 4175 ;
984 4081 1021 4156 δι
1044 4077 1135 4180 saepe
1152 4079 1216 4167 fit,
1248 4093 1290 4158 ut
1317 4103 1426 4158 curua
1453 4081 1494 4156 in
1522 4097 1599 4156 uno

209 4201 347 4302 puncto
379 4197 533 4280 infinibus
565 4200 692 4278 habeat
727 4210 950 4297 tangentes,
991 4210 1033 4274 ut
1081 4193 1108 4274 fi
1144 4199 1184 4274 in
1225 4183 1347 4276 curvis
1388 4183 1500 4298 qualis
1537 4191 1601 4272 ad-

208 4318 299 4419 jetta
314 4318 370 4396 est
394 4308 503 4422 (Fig.
531 4338 591 4410 14.
606 4317 628 4414 )
655 4329 763 4450 caput
780 4317 952 4392 continue
978 4315 1162 4420 minuatur
1176 4313 1394 4416 tandemque
1419 4305 1600 4390 evanescat
1614 4317 1717 4412 aa.
1720 4313 1784 4415 ΠΕ

211 4433 478 4540 inpunitum·
525 4433 634 4516 Tunc
660 4435 758 4515 erum
778 4429 923 4514 infinita
947 4429 1017 4508 ille
1044 4414 1253 4542 tangentes,
1288 4452 1440 4542 quartun
1477 4441 1601 4528 totum

969 4545 989 4634 l
1047 4567 1072 4629 2
1494 4556 1607 4650 caput

304 4751 327 4794 d
