4344 5526
574 409 646 475 a:
746 390 1246 490 commanerem
1291 335 1824 461 barinorrcnm

432 554 529 636 1694
574 541 734 630 confert,
768 540 977 639 clavemque
999 539 1133 639 praebet
1156 538 1201 616 ad
1214 537 1396 624 reseranda
1418 535 1627 614 abditissima
1645 535 1976 630 Naturaeclaullra'

427 642 530 717 Mart.
574 657 673 738 Huic
697 647 881 744 scientiae,
914 656 1106 757 prasertim
1132 660 1302 758 penitiori
1332 660 1406 755 ejus
1436 659 1556 756 parti,
1581 681 1610 732 ·a
1638 658 1824 754 juventute
1847 653 1971 733 sedulo

574 777 812 862 incumbens,
845 797 901 849 eos
930 778 969 850 in
997 773 1080 862 illa,
1113 800 1178 876 per
1207 775 1280 854 Dei
1302 777 1472 874 gratiam,
1505 773 1574 850 feci
1596 771 1819 872 progressus,
1852 785 1914 860 ut,
1944 771 1971 846 fi

508 967 512 976 .
574 895 695 972 dicere
724 892 774 970 fas
802 893 882 980 est,
914 885 994 989 jam¹
1016 892 1107 968 mibi
1137 893 1419 992 comparaverim
1449 896 1715 992 praecipuorum
1742 891 1971 968 Mathemati-

577 1035 707 1088 corum
737 1009 975 1110 applausum,
1009 1015 1218 1109 cumprimis
1249 1009 1448 1086 Academiae
1474 1007 1714 1084 Scientiarum
1744 1002 1967 1110 Peristensts,

411 1151 415 1158 ·
575 1128 823 1228 aliorumque,
858 1151 1016 1227 quorum
1037 1125 1327 1204 necessitudinem
1351 1115 1534 1201 inGallia
1552 1125 1672 1202 nattus
1686 1123 1791 1204 sum:
1824 1123 1870 1202 Et
1887 1125 1973 1202 Tibi

578 1242 749 1345 ipsrmet,
782 1243 849 1320 Vir
880 1237 1149 1330 Celeberrime,
1183 1244 1288 1321 libuit
1317 1247 1436 1320 tenuia
1459 1268 1538 1319 mea
1558 1245 1702 1319 inventa
1724 1243 1836 1342 pluris
1867 1265 1974 1343 quam

578 1387 642 1464 par
666 1363 715 1440 ell
745 1363 913 1440 aestinrare
929 1419 951 1450 ,,
972 1361 1090 1462 deque
1103 1365 1145 1436 iis
1163 1363 1415 1460 benigniorem
1437 1359 1645 1436 sententiam
1667 1358 1789 1458 passim
1812 1363 1850 1434 in
1871 1358 1975 1435 Arra

578 1471 826 1583 Lipstenfibus,
859 1479 1019 1579 proferre
1039 1537 1052 1566 ‚
1070 1503 1194 1578 ¹quam
1225 1479 1360 1578 sperare
1386 1477 1560 1556 ullatenus
1583 1476 1683 1556 ausus
1705 1477 1844 1556 fuerim.
1876 1477 1975 1570 Qa-

579 1596 770 1698 liacunque
800 1612 920 1674 autem
949 1596 1009 1672 illa
1038 1595 1138 1682 smt,
1172 1595 1372 1695 profiteor,
1407 1597 1444 1670 de
1475 1595 1585 1696 usque
1614 1593 1843 1695 profitebor,
1876 1608 1973 1670 onus

581 1715 730 1793 illorum
759 1718 864 1792 unice
895 1715 1018 1790 deberi
1046 1711 1272 1789 subtilissnnis
1301 1713 1391 1790 Tuis
1420 1711 1752 1800 lucubrationibus,
1785 1737 1871 1812 quas
1892 1733 1977 1788 cum

579 1830 685 1910 Orbe
715 1832 855 1910 literato
880 1829 1028 1909 subinde
1053 1833 1327 1920 ,communicare
1357 1854 1435 1906 non
1457 1827 1670 1930 dedignatus
1694 1829 1809 1924 suisti;
1841 1826 1977 1930 quae&

582 1947 660 2026 satis
691 1949 884 2026 ostendunt
903 1995 924 2034 ,·
956 1947 1047 2044 nihil
1078 1947 1219 2046 prorsus
1250 1949 1288 2022 in
1318 1946 1476 2026 universa
1507 1946 1660 2026 Mathesr
1690 1963 1764 2024 tarn
1794 1945 1979 2023 abscondi-

582 2081 664 2146 tum
690 2063 788 2151 esse,
822 2064 924 2165 quod
952 2066 1164 2164 stupendam
1193 2069 1305 2152 aciem
1337 2067 1474 2165 ingenii
1507 2065 1580 2145 Tui
1610 2069 1777 2143 acutioris
1808 2049 1985 2142 subtersu-¹

583 2187 668 2282 giat
730 2181 815 2260 Hoc
842 2181 957 2280 ipsum
978 2185 1027 2258 est
1048 2186 1087 2259 in
1107 2183 1212 2263 causa
1232 2209 1298 2261 cur
1320 2183 1457 2283 semper
1480 2189 1517 2261 in
1547 2187 1640 2260 votis
1667 2182 1852 2260 habuerim
1874 2183 1912 2258 &
1936 2203 1979 2256 eo

584 2299 819 2386 collirnarim,
855 2323 929 2399 quo
961 2299 1201 2400 Amplitudini
1224 2299 1313 2378 Tua
1337 2301 1542 2402 aliquandiu
1567 2303 1718 2401 propior
1735 2297 1802 2376 else
1824 2296 1978 2400 possem,

585 2415 613 2492 fi
644 2416 757 2492 modo
786 2432 955 2518 exoptata
985 2417 1123 2496 occasio
1155 2417 1223 2494 sese
1245 2418 1414 2507 offerret,
1447 2437 1488 2498 ut
1512 2437 1681 2519 tanquam
1704 2441 1750 2493 ex
1772 2416 1983 2514 scaturigine

587 2533 660 2634 ipsa
698 2525 909 2624 halantem,
953 2560 1032 2636 quae
1070 2535 1270 2637 huc-usque
1305 2536 1463 2614 non-nisi
1503 2562 1547 2614 ex
1577 2535 1698 2612 rivulis
1745 2531 1982 2612 remotissimis

587 2651 728 2730 haurire
759 2651 885 2747 licuit3
919 2655 978 2740 ἂ,
1012 2652 1038 2729 fi
1068 2657 1207 2752 magnis
1230 2654 1367 2749 ¹addere
1388 2654 1472 2731 lic'et
1495 2679 1620 2754 parva,
1657 2652 1810 2729 arduum
1827 2651 1984 2748 studium

589 2769 883 2848 mathematicum
914 2770 959 2847 ad
988 2773 1163 2867 majorem
1184 2771 1410 2870 persesiionis
1434 2771 1587 2870 gradum
1609 2768 1908 2873 promovendum
1925 2767 1986 2844 ad-

553 2943 561 2952 .
589 2889 767 2984 juvarem
821 2887 916 2966 Cum
948 2882 1059 2974 verd,
1092 2910 1170 2964 non
1196 2886 1267 2990 fine
1285 2888 1568 2977 deleiiamento,
1602 2888 1839 2966 intellexerim
1860 2885 1983 2987 quod,

474 3029 478 3038 ’
593 3017 635 3080 ut
664 3017 705 3081 ut
734 3003 903 3080 saevientis
932 3006 1059 3083 Martis
1083 3003 1157 3082 sax
1195 3007 1330 3107 ubique
1360 3007 1432 3082 fere
1462 3005 1504 3082 sat
1532 2989 1707 3094 accensa,
1753 3004 1989 3081 nihilominus

540 3125 544 3134 '
593 3121 701 3198 bonae
727 3135 815 3196 artes
848 3123 885 3196 &
915 3121 1023 3198 literae
1054 3123 1173 3198 vestris
1204 3127 1241 3198 in
1271 3125 1480 3223 regionibus
1513 3148 1591 3200 non
1620 3149 1747 3224 parum
1776 3124 1920 3220 vigeant
1951 3122 1989 3196 dc

594 3237 778 3326 floreant,
813 3240 850 3314 ἃ
881 3261 966 3314 cum
995 3237 1088 3316 fama
1118 3238 1162 3315 ad
1193 3265 1292 3317 aures
1321 3244 1455 3318 nostras
1486 3246 1686 3340 pervenerit
1717 3238 1818 3342 quod
1845 3237 1989 3316 Celsrlsr-

595 3377 677 3430 mus
700 3358 736 3430 &
755 3354 995 3434 Serenilsrmus
1011 3355 1100 3434 Dux
1117 3356 1380 3436 Aaronrus
1408 3359 1650 3448 Urarcus,
1683 3363 1783 3456 juxta
1794 3355 1992 3456 gravissima

595 3473 780 3568 regiminis
796 3479 940 3572 negotia
955 3499 1153 3576 eorumque
1176 3473 1480 3574 prudentissimam
1497 3476 1858 3562 administrationem,
1884 3477 1991 3550 etiarn

590 3587 780 3666 ¹summum
811 3589 1108 3672 deletlamentum
1140 3594 1254 3692 capiat
1277 3617 1321 3669 ex
1342 3597 1474 3669 arcanis
1492 3593 1637 3672 Natura
1662 3596 1698 3669 δι
1720 3595 1836 3680 Artis,
1865 3615 1993 3670 eorum

594 3704 869 3804 'indagationem
899 3707 1144 3807 benignissime
1174 3725 1421 3810 promoveat,
1471 3715 1709 3814 omniumque
1737 3710 1993 3792 scientianun,

593 3826 779 3925 'praecipue
809 3823 1169 3915 nrathenraticarum,
1213 3827 1368 3905 cultores
1406 3827 1651 3928 gratiosrffimo
1685 3844 1775 3906 nutu
1805 3828 1925 3903 foveat
1957 3828 1995 3903 δε

599 3955 795 4041 protegat3
828 3968 936 4042 quam
965 3943 1044 4020 sane
1074 3949 1211 4044 regiam
1241 3946 1309 4023 suae
1341 3943 1566 4024 Cellitudinis
1596 3943 1868 4045 generositatem
1895 3959 1995 4021 totus
2048 3967 2052 3973 ·

591 4057 760 4134 'eruditus
783 4055 892 4136 Orbis
918 4087 1103 4162 nunquam
1119 4063 1197 4140 satis
1214 4063 1397 4150 laudabit,
1425 4087 1497 4161 ego
1516 4077 1636 4139 autem
1659 4062 1864 4139 humillimo
1896 4047 1998 4159 juna

599 4199 642 4251 ac
662 4174 938 4272 profundissimo
963 4181 1105 4275 pettore
1127 4199 1292 4282 perpetuo
1315 4178 1555 4273 recordabor3
1587 4165 1692 4267 Hoc,
1718 4183 1885 4282 inquam,
1910 4203 1997 4256 cunr

595 4291 864 4380 intellexerim,
898 4295 1000 4367 enixe
1031 4293 1116 4382 Te,
1161 4295 1228 4369 Vir
1259 4297 1379 4374 Celeb.
1412 4315 1573 4399 rogatum
1596 4301 1693 4402 cupio
1720 4312 1761 4375 ut
1791 4285 2018 4376 auctoritate

591 4413 674 4508 'qua
704 4408 852 4506 polles,
877 4427 1020 4516 propter
1036 4407 1224 4510 stammam
1253 4413 1373 4489 Tuam
1403 4415 1676 4503 eruditionem,
1710 4411 1849 4494 causam
1879 4437 1997 4493 meam

601 4527 650 4602 ita
678 4549 758 4625 agas
789 4526 884 4628 apud
916 4527 1172 4612 Celsrtudinem
1190 4529 1315 4622 suam,
1347 4544 1389 4609 ut
1417 4531 1463 4613 ad
1492 4531 1642 4638 scopum
1672 4548 1837 4637 optatum
1863 4535 2000 4637 pertin·

895 4685 901 4692 ·
1849 4683 1851 4688 ’
1914 4672 2000 4748 gere
