4222 5534
302 305 615 410 trintrtrrr
651 288 1419 428 antannotltrrt,ts1s³s..xrg
1520 331 1591 403 229
1615 353 1661 404 2

186 467 343 568 pendula
361 469 440 548 lane
466 465 710 572 pulcherrimo
722 495 734 567 3
766 465 812 546 de
835 464 921 546 Tuo
949 457 1051 543 'novo
1066 461 1251 564 Cycloldie
1275 465 1341 548 usu
1364 463 1456 546 nihil
1472 466 1591 549 adhuc
1640 459 1737 538 1696

188 584 307 664 dicere
330 586 441 666 licuit.
1429 630 1432 636 ·
1612 545 1773 632 Decemb-

245 702 357 803 Rogo
390 719 432 784 ut
455 703 546 782 mihi
576 691 707 784 solium
731 705 777 782 de
805 689 938 804 Mense
966 693 1134 808 Lpssenfi
1159 700 1346 807 novissime
1367 703 1510 786 missum
1537 731 1593 788 re-

185 821 336 910 mittas,
374 837 417 902 ut
451 821 583 898 scilicet
607 821 793 908 mensem,
826 820 910 898 alias
937 819 1107 900 mutilum
1127 817 1319 920 saturum,
1351 824 1593 926 redintegrare

187 935 343 1042 polion:
376 939 491 1020 Mitto
514 963 612 1016 nune
646 939 777 1016 solium
798 959 939 1018 novum
968 961 1054 1016 cum
1074 934 1251 1027 dimidio,
1283 936 1321 1016 in
1358 965 1432 1042 quo
1454 942 1619 1023 ridebisr'

188 1077 269 1154 quae
299 1055 367 1132 Vir
395 1053 594 1156 Egregius,
638 1061 751 1134 *cui
781 1058 890 1134 ambo
925 1055 1089 1156 quaedam
1120 1057 1328 1160 objecistis,
1370 1044 1589 1160 respondeat

187 1169 330 1251 Vellem
353 1171 498 1252 venisset
520 1173 687 1266 adrem,
719 1175 756 1250 ἀ
777 1173 920 1252 locutus
942 1171 1058 1252 futter
1071 1171 1180 1272 paulo
1201 1177 1379 1281 apertius,
1414 1177 1591 1257 dnettius.

188 1313 283 1390 que,
318 1306 359 1372 ut
379 1291 469 1370 Tibi
500 1290 662 1393 mihique
687 1315 768 1370 mos
795 1293 855 1368 est
916 1289 1016 1390 Ego,
1050 1293 1191 1392 quoties
1213 1291 1327 1391 lapsus
1346 1292 1450 1383 sum,
1483 1293 1521 1371 id
1547 1296 1589 1371 li.

187 1407 314 1486 benter
340 1411 378 1486 de
410 1408 482 1486 srne
514 1407 726 1488 circuitione
745 1409 870 1489 fateor.
931 1407 1051 1486 Miror
1074 1407 1163 1508 quid
1191 1407 1264 1486 hoc
1287 1409 1351 1502 sat,
1385 1436 1470 1490 cum
1504 1411 1592 1492 dicit

187 1514 413 1608 Methodum
443 1530 667 1630 tangentium
691 1520 871 1627 inverfirm
890 1551 961 1604 non
983 1523 1138 1630 amplius
1159 1551 1184 1600 a
1190 1519 1235 1628 se
1259 1515 1483 1634 magnifieri.
1513 1529 1589 1610 Ha·

187 1645 311 1721 bet-ne
339 1668 408 1750 pro
428 1668 557 1745 parum
574 1644 678 1733 utili,
712 1669 756 1722 an
778 1668 847 1750 pro
875 1667 1003 1744 parum
1023 1641 1187 1721 difficili?
1222 1645 1323 1724 ‘Nam
1355 1645 1382 1722 sr
1417 1646 1514 1724 utilis
1536 1649 1590 1726 vde

188 1757 342 1841 difficilis
366 1763 417 1838 est
437 1819 453 1850 ,
480 1761 605 1866 utique
625 1761 924 1862 magni-facienda
946 1761 1004 1838 est.
1046 1759 1184 1854 Utilern
1203 1760 1269 1838 esse
1295 1763 1339 1868 ad
1367 1763 1489 1864 magni
1510 1790 1590 1871 nro-

187 1882 301 1956 menti
326 1877 573 1968 Problemata,
608 1877 824 1985 experientia
851 1881 891 1954 ni
911 1878 1016 1958 fallor
1048 1877 1164 1957 docet.
1226 1878 1283 1956 An
1305 1905 1393 1980 ergo
1415 1882 1487 1986 ipse
1512 1907 1590 1960 earn

185 1995 327 2074 facilem
353 1996 538 2074 reddidit?
567 1994 651 2076 Hoc
686 2021 763 2076 non
790 2011 902 2099 puto,
937 1995 1076 2096 alioqui
1094 1993 1241 2086 dixissed
1302 1997 1397 2078 Nam
1417 1999 1521 2100 quod¹
1540 1999 1590 2076 ait
1705 2033 1709 2042 ⁴

174 2105 248 2216 fibi
258 2105 443 2218 lircceffffe
455 2169 468 2208 ,
500 2113 640 2222 quadr
659 2111 867 2223 inquisrvit,
897 2110 1038 2192 fortaile
1061 2113 1200 2214 indiget
1230 2113 1349 2201 multa,
1361 2115 1584 2194 limitatione.

104 2269 122 2294 ·
183 2231 294 2310 Certe
318 2255 389 2332 ego
413 2231 477 2332 ipfi
491 2226 586 2312 ‘talia
607 2233 800 2337 aliquando
829 2231 869 2310 in
891 2231 997 2309 Artis
1019 2231 1303 2332 proposueram,
1336 2253 1417 2334 quaa
1436 2259 1514 2314 non
1535 2248 1599 2312 at-·

181 2348 294 2451 tigit:
328 2348 448 2429 nescio
471 2375 516 2428 an
551 2348 597 2428 in
617 2375 658 2429 ea
681 2350 925 2453 inquisiverit,
957 2349 1264 2451 quemadmodum
1290 2350 1438 2452 quidem
1469 2350 1587 2433 varin
1720 2357 1724 2366 '

184 2467 271 2546 mile
300 2465 413 2546 videri
437 2466 559 2568 posset.
620 2467 681 2547 Est
708 2467 776 2547 Vir
798 2470 922 2568 magni
935 2467 1101 2566 ingenii3
1131 2465 1190 2550 scd
1213 2482 1335 2552 tuam
1364 2467 1457 2554 hanc
1482 2472 1586 2556 ineu

185 2583 337 2663 observo
361 2583 588 2686 hypocrism,
620 2600 662 2665 ut
687 2587 735 2666 fic
758 2587 875 2665 dicam
894 2582 1208 2684 Philosophicam,
1242 2585 1342 2685 quod
1370 2586 1448 2664 vult
1468 2583 1627 2664 'videri‘
1714 2663 1715 2668 Ν

183 2701 347 2804 spernere
374 2703 550 2802 gloriam,
581 2705 730 2806 quando
755 2729 834 2784 eam
853 2706 1008 2782 maraine
1027 2701 1171 2786 attense
1224 2703 1385 2802 Quando
1413 2697 1587 2781 Hanove-

183 2843 229 2900 ne
255 2819 441 2909 transibat,
474 2820 564 2898 mihi
587 2822 707 2901 nescio
729 2847 808 2926 quae
833 2821 996 2922 exposuit
1027 2821 1267 2899 Theoremata
1303 2821 1347 2897 de
1370 2822 1495 2900 circuli
1518 2820 1586 2899 ins-

148 2999 160 3020 „
184 2940 326 3038 criptis,
360 2941 397 3013 &
418 2935 515 3026 aliis,
558 2963 717 3040 quorum
749 2965 827 3018 non
858 2941 936 3018 satis
961 2935 1140 3033 memini3
1172 2940 1364 3041 exquibus
1395 2940 1429 3016 se
1456 2963 1586 3039 magna

185 3053 378 3157 dudumm
401 3057 660 3156 augurabatur3
692 3058 791 3159 quod
809 3081 880 3158 ego
908 3055 1186 3134 animadvertere
1211 3055 1288 3134 satis
1309 3080 1386 3133 non
1410 3071 1582 3158 poteram.

184 3169 305 3252 Habet
328 3173 423 3252 haud
451 3173 560 3258 dubie
589 3175 701 3253 multa
723 3179 897 3280 egregia3
929 3201 1007 3277 quae
1035 3173 1060 3250 ii
1088 3172 1239 3250 candide
1271 3172 1472 3273 proferret,
1504 3171 1586 3272 plus

130 3309 133 3312 ·
185 3293 365 3368 obtineret
392 3317 482 3370 verae
502 3277 655 3392 gloriae,
690 3295 727 3369 ἃ
756 3297 869 3394 magis
899 3291 1077 3396 prodellet
1108 3288 1333 3390 Reipublicae
1399 3287 1513 3382 Quod
1537 3293 1586 3364 ait

168 3401 218 3508 fi
240 3434 265 3482 a
273 3406 402 3511 figura
422 3405 509 3486 data
533 3430 696 3486 contenta
716 3403 852 3488 duabus
882 3411 985 3488 retiis
1003 3405 1048 3498 όν
1077 3433 1150 3484 una
1169 3429 1284 3482 cterva
1308 3403 1490 3483 ordinarm
1506 3397 1583 3508 abst

183 3515 424 3628 cinderepoffe
431 3547 574 3632 partem
601 3532 832 3634 imperatam,
862 3527 969 3604 dulia
988 3527 1138 3602 alterius
1159 3511 1275 3600 curva
1299 3519 1509 3606 ordinatior
1545 3522 1584 3600 id

183 3642 235 3718 est
253 3641 489 3738 sacillinrum3
522 3660 663 3722 tantum
680 3649 779 3722 enim
804 3660 950 3746 oportet
969 3640 1181 3720 constituere
1202 3641 1354 3740 figuram
1376 3641 1466 3720 datae
1490 3637 1583 3716 suni-

181 3757 279 3847 tem,
312 3760 413 3860 quod
432 3759 473 3838 fit
491 3761 689 3852 emittendo
713 3763 820 3838 restas
846 3787 890 3838 ex
902 3761 1038 3864 pundo
1051 3759 1089 3836 in
1106 3759 1219 3860 ligura
1242 3759 1380 3846 sumto,
1401 3757 1445 3834 ad
1465 3757 1583 3858 quod-

181 3874 271 3954 libet
300 3877 472 3977 pinetum
498 3876 673 3963 ambitus,
708 3881 744 3952 ἃ
766 3903 821 3955 eas
845 3884 882 3954 in
914 3881 1050 3956 ratione
1072 3879 1246 3954 constanti
1276 3873 1499 3952 minuendo:
1535 3872 1583 3951 fic

181 3991 392 4071 habebimus
415 3993 503 4072 datae
527 3995 676 4071 smailem
694 3995 730 4068 &
749 3993 905 4070 similiter
928 3993 1088 4094 politam
1150 3993 1250 4070 Fiant
1271 4004 1389 4069 antem
1413 3991 1584 4069 homolo-

180 4133 238 4209 gae
253 4113 299 4186 in
331 4110 574 4212 subduplicata
607 4114 744 4188 ratione
777 4114 923 4188 rationis
957 4111 1064 4199 datae,
1099 4135 1207 4212 quam
1237 4135 1316 4210 pars
1337 4111 1507 4210 imperata
1538 4108 1584 4184 ad

978 4227 1040 4306 Fs
1099 4249 1116 4318 3
1462 4240 1582 4303 totum

223 4455 720 4525 *D.Tscttrtnnnusrus.
755 4453 949 4538 Resporfioad
971 4451 1585 4540 Observationean.Bannounmo·

178 4559 277 4604 aun.
322 4545 391 4609 toa
410 4539 495 4604 Erud.
513 4541 600 4622 1696.
624 4541 699 4621 Nor.
722 4561 751 4620 p.
773 4555 839 4623 519.
861 4538 909 4605 rel
928 4537 993 4614 Joh,
1015 4539 1092 4603 baa
1108 4556 1271 4600 nouttr
1291 4534 1368 4614 Opp.
1391 4533 1512 4596 Tomi.
1527 4533 1579 4593 ΝΟ.

176 4621 412 4704 xXtttttapag.
435 4643 504 4706 170.
594 4663 596 4670 ,
