4168 5524
220 337 1267 456 earunrnrrarannnoutrrr,t:·1›1s'e
1296 351 1444 438 XCVII.
1488 363 1561 456 4'73

169 511 267 589 dicet
285 511 410 591 falsum
440 513 527 604 else,
560 516 662 618 quod
683 507 732 595 a'it
763 519 983 620 perspestum
1009 514 1080 594 sibi
1094 513 1194 592 tuille
1231 513 1445 592 comensum
1470 514 1563 588 inter
1610 527 1705 602 1699

168 627 553 728 Brachystochtonam,
601 635 639 709 δι
677 634 808 714 lineam
830 638 990 735 opticam
1011 633 1201 712 undarum.
1267 701 1275 720 ,
1414 683 1418 688 -
1605 615 1694 732 Sept,

225 743 291 824 llle
309 747 343 823 S.
363 750 662 849 queminvadit,
691 753 742 828 est
774 751 958 830 Dominus
985 753 1168 835 sture,
1214 749 1300 848 qui,
1344 738 1573 848 Gregoriano

170 863 281 941 eredo
299 887 420 952 more,
453 865 605 965 speciem
628 868 809 973 quandam
847 867 1035 947 solutionis
1066 865 1123 943 vel
1154 863 1474 961 ¹demonstrationis
1510 863 1561 940 as-

166 978 327 1066 setlavit,
359 985 418 1059 cui
440 1005 562 1080 parem
584 1009 660 1060 non
679 981 781 1062 fuisse
807 983 911 1062 sacile
936 981 1055 1062 credo.
1126 978 1196 1060 Sed
1233 1005 1376 1081 aequum
1406 993 1479 1057 erat
1519 995 1562 1058 ut

163 1091 283 1192 ,Dnua
314 1095 474 1176 Fortu
492 1124 549 1178 sa
574 1099 608 1176 se
636 1097 831 1199 inciperet,
863 1116 1054 1202 antequam
1081 1097 1169 1178 alios
1202 1097 1461 1196 reprehendere
1499 1123 1561 1176 au-

168 1213 289 1289 deretz
322 1215 366 1292 ab
390 1209 492 1292 omni
513 1206 795 1294 vitio'immunis
811 1215 877 1295 esse
896 1219 1029 1306 debet,
1062 1218 1126 1316 q'ui
1158 1219 1195 1291 in
1215 1212 1325 1290 alium
1354 1228 1493 1314 paratus
1511 1215 1561 1290 est
1658 1275 1661 1282 .

166 1329 297 1408 dicere
357 1331 480 1433 Itaque
504 1356 585 1430 non
612 1334 741 1428 dubito
764 1335 1047 1424 Suurrrun,
1081 1333 1145 1410 ubi
1166 1334 1288 1422 omnia
1321 1329 1558 1425 intellexerit,

165 1470 229 1548 par
258 1449 336 1548 pari
360 1423 593 1528 redditurum.
656 1451 693 1527 Si
721 1449 890 1529 nonnihil
910 1449 1024 1556 lapsus
1047 1451 1115 1534 est,
1150 1463 1244 1524 certe
1259 1447 1439 1524 modestiae
1462 1445 1559 1546 leges

165 1586 241 1641 non
265 1563 432 1654 violavit,
466 1589 534 1641 nec
561 1567 662 1643 malis
684 1571 818 1646 artibus
840 1567 972 1648 samam
1002 1565 1181 1668 quaelivit,
1203 1617 1558 1641 ................

167 1679 407 1762 Cettilltmum
439 1684 507 1772 est,
539 1707 726 1784 nunquam
756 1683 1089 1762 Durtrtnrun
1136 1681 1181 1757 ad
1211 1679 1428 1758 solutionem
1456 1651 1559 1755 Neu.

163 1799 301 1874 tertiani
325 1796 558 1876 Problematis
570 1797 669 1878 suille
683 1817 964 1901 perventurum,
999 1799 1063 1878 nifi
1085 1790 1357 1878 Nmonunaem
1374 1805 1455 1874 ante
1472 1819 1561 1875 ocu-

166 1911 222 1990 los
244 1907 441 2010 habuisset3
473 1939 557 1993 nam
582 1939 690 2018 quam
710 1916 782 2017 ipse
806 1942 870 2022 per
900 1917 1163 2020 Labyrinthum
1182 1914 1287 1994 suum
1309 1911 1480 1992 assecutus
1496 1914 1555 2004 est,

164 2032 301 2108 exitum
323 2054 370 2107 ex
392 2029 617 2132 labyrintho
640 2034 782 2112 nullum
805 2031 964 2112 dedisset.

222 2145 307 2248 Mea
330 2147 376 2223 de
405 2148 708 2249 progrellionibus
727 2151 786 2226 vel
807 2151 928 2252 potius
945 2151 991 2228 de
1019 2147 1298 2252 exptellionibus
1324 2147 1442 2225 obiter
1471 2146 1558 2228 Tibi

165 2261 318 2363 inspetla
345 2279 464 2362 puto;
495 2267 629 2368 alioqui
650 2265 788 2345 vidisses
826 2267 916 2344 nihil
938 2265 1008 2346 elle
1027 2267 1190 2356 facilius,
1220 2265 1313 2344 nihil
1326 2279 1563 2344 naturaecon-

162 2379 369 2458 seutaneum
394 2383 529 2481 magis,
560 2399 752 2486 patereque
775 2388 881 2462 etiam
900 2383 1030 2462 Tironi
1058 2388 1131 2482 jam
1148 2382 1225 2462 sum
1257 2395 1466 2481 expertus,
1495 2380 1557 2458 ci-

160 2519 245 2574 vem
266 2495 515 2588 Atlanticum,
550 2507 574 2554 *³
601 2501 640 2577 id
657 2501 731 2589 est,
763 2517 804 2581 ut
828 2500 984 2603 suspicor
995 2500 1149 2589 Tuum,
1181 2503 1245 2602 qui
1284 2497 1376 2576 mihi
1411 2495 1446 2576 se
1476 2521 1557 2577 non

161 2616 332 2714 ignotum
353 2613 467 2704 dicit,
500 2613 636 2695 necesse
655 2618 707 2696 est
732 2622 846 2721 magio
874 2617 1058 2698 detrahere
1089 2615 1154 2696 fibi
1174 2616 1334 2782 larvam,
1374 2630 1417 2696 ut
1445 2641 1466 2694 a
1493 2635 1557 2694 me

160 2729 380 2882 agnoscatur.
410 2729 510 2810 Vale.
652 2763 656 2775 ‚
691 2763 694 2772 ·
1167 2775 1172 2786 ·
1552 2775 1554 2782 ·

162 2990 295 3064 Dabam
314 2995 488 3068 Ha'rtnverae
505 3033 575 3128 -1-1-
599 3002 778 3117 segtembn

999 3211 1017 3354 ¹·
1073 3351 1078 3358 .
1143 3239 1388 3336 Dedittffmu's

947 3370 1077 3486 1G.3G.
1107 3369 1433 3458 Lamnus.
1472 3471 1476 3485 ,

166 3595 175 3722 J
201 3598 318 3795 nli’ffS
350 3573 474 3726 Doleo
495 3542 595 3682 tuam
617 3593 680 3682 De
712 3588 921 3682 Nutritione
940 3559 1218 3705 dissertationem
1234 3604 1281 3688 ad
1299 3627 1358 3686 me
1379 3623 1547 3706 nonper.

157 3741 202 3796 ve
267 3742 297 3797 e.

200 4057 307 4171 tllid.
333 4061 407 4186 Adit
430 4067 542 4132 Erudit.
567 4072 656 4146 1699.
677 4063 816 4164 Mll-
841 4053 908 4148 1'76.
934 4145 937 4156 .
