4266 5534
263 267 586 412 ἰιιιιιιίιι
611 285 686 370 tr
711 289 1292 384 animatricem.
1319 287 1488 372 murm
1525 313 1596 390 ιιι

193 428 346 524 mutum
366 441 508 546 dupla·
538 443 621 543 quia
647 439 750 520 aerio
773 441 878 518 estin
901 441 1039 517 ratione
1063 438 1262 544 compulita
1289 448 1486 543 potentia,
1513 467 1595 549 quae
1639 471 1736 552 1696

197 575 411 651 exercetur,
443 562 481 637 δι
502 560 676 662 temporis
697 561 735 636 in
758 582 832 662 quo
856 571 1059 653 exercetur3
1090 562 1210 661 itaque
1235 564 1398 660 potentia
1426 562 1593 664 ipfiusn
1642 563 1725 664 Jun.

197 678 424 781 quadrupla,
454 675 583 778 limplo
612 689 776 777 tempore
802 679 973 764 exercita,
1007 674 1067 754 dat
1098 678 1276 754 actionem
1291 679 1485 798 duplam
1483 685 1603 781 ejus,

200 815 314 897 quam
334 797 396 875 dat
412 798 575 897 potentia
600 793 706 894 ipsius
725 793 754 874 B
776 793 922 895 simpla,
942 797 1102 870 exercita
1117 808 1281 894 tempore
1291 761 1436 898 duplo;
1457 801 1495 875 ἀ
1508 823 1597 902 qua

201 912 371 1014 druplam
390 917 465 1011 ejns
483 936 592 1014 quam
616 911 677 989 dat
696 915 857 1011 potentia
880 911 985 1012 ipsius
1007 910 1039 991 C
1058 893 1205 1013 simpla,
1239 919 1393 993 exercita
1428 929 1594 1017 tempore

201 1029 341 1132 finplo.
401 1031 565 1120 Scilicet,
599 1027 697 1106 inA
730 1031 891 1128 potentia
921 1052 970 1123 4,
1003 1042 1145 1130 tempus
1180 1053 1225 1117 1,
1261 1029 1321 1110 dat
1343 1032 1520 1112 albionem
1551 1059 1589 1130 4.
1647 1106 1652 1114 .

200 1145 245 1226 In
265 1148 294 1228 B
312 1150 476 1251 potentia
504 1169 518 1222 1
543 1205 553 1236 ‚
587 1161 730 1246 tempus
750 1168 795 1234 2,
821 1145 882 1223 dat
905 1147 1082 1224 altionem
1107 1167 1154 1244 a,
1174 1149 1329 1250 denique
1355 1153 1393 1226 in
1416 1150 1448 1231 C
1461 1167 1593 1252 poten-

201 1267 251 1344 tia
277 1289 327 1355 1,
360 1281 503 1366 tempus
532 1289 574 1353 1,
606 1263 864 1342 detractionem
888 1287 921 1338 1.
982 1261 1093 1340 Vides
1112 1289 1222 1365 quam
1236 1265 1312 1352 haec
1341 1267 1492 1367 pulchre
1504 1293 1590 1372 qua-

201 1381 328 1472 drent,
361 1386 398 1472 dr
425 1407 534 1485 quam
559 1405 687 1482 parum
711 1381 879 1460 distintiae
900 1383 1068 1457 notiones
1092 1381 1138 1458 de
1160 1387 1348 1482 potentia,
1382 1386 1520 1464 allione
1551 1389 1590 1464 dc

198 1498 371 1581 similibus
403 1500 515 1600 vulgo
540 1499 745 1576 habeantur.
806 1495 1021 1598 Complures
1044 1500 1117 1596 jam
1139 1502 1223 1576 anni
1248 1500 1349 1590 sunt,
1383 1503 1484 1602 quod
1515 1504 1591 1583 haec
1692 1510 1698 1524 '

200 1617 360 1719 explicui
380 1623 420 1696 in
444 1614 696 1710 Differtatione
715 1613 913 1714 conscripta
937 1618 975 1692 in
1003 1613 1134 1692 Itinere
1157 1615 1306 1706 Italico,
1340 1620 1378 1695 u
1410 1613 1591 1698 Florentia

199 1735 299 1838 apud
321 1739 479 1815 amicum
498 1735 641 1820 relicta,
675 1735 738 1833 qui
756 1732 954 1808 editionem
977 1727 1016 1808 in
1038 1731 1071 1808 le
1094 1749 1298 1833 receperat3
1331 1735 1389 1812 sed
1418 1761 1489 1836 ego
1509 1739 1591 1840 pol-

200 1867 259 1932 tea
291 1857 329 1932 in
355 1877 456 1932 mora
483 1853 560 1941 fui,
594 1851 682 1929 dum
705 1849 808 1950 plura
832 1849 977 1928 subnata
1007 1847 1109 1938 sunt,
1142 1873 1221 1951 quae
1251 1877 1310 1929 me
1340 1855 1591 1952 adjundurum

199 1970 360 2070 scripfi,
376 1970 533 2050 necdum
554 1985 673 2046 tamen
693 1968 862 2069 praestiti,
896 1991 973 2044 non
995 1969 1096 2069 quod
1123 1991 1177 2074 res
1197 1968 1310 2047 defint
1332 2027 1343 2058 ,
1376 1971 1435 2047 sed
1472 1976 1591 2052 otium

201 2086 402 2168 ordinandi.
466 2089 667 2174 Caeterum,
700 2099 742 2162 ut
767 2086 945 2162 altionem
965 2109 1092 2175 nunce
1123 2079 1333 2187 composita
1350 2092 1488 2166 ratione
1510 2089 1592 2169 suo·

200 2229 285 2286 rum
315 2211 603 2309 principiorum,
635 2205 807 2305 potentie
824 2205 862 2280 &
892 2207 1086 2304 temporis,
1118 2204 1278 2300 aestim03
1309 2209 1358 2283 ita
1378 2231 1457 2284 eam
1481 2191 1591 2308 paulo

200 2339 284 2402 ante
308 2326 559 2404 aestimaveram
583 2319 780 2422 composita
803 2323 942 2400 ratione
965 2345 1120 2410 eorum,
1153 2346 1232 2421 quae
1259 2325 1397 2423 praestat
1404 2349 1415 2418 3
1448 2323 1592 2405 effeetus
1620 2419 1624 2427 Ι

200 2440 336 2520 scilicet
366 2442 536 2520 extenlrvi
567 2441 627 2519 seu
652 2439 865 2526 materialis,
895 2460 1028 2538 nempe
1062 2437 1300 2538 longitudinis
1331 2438 1484 2543 [quam
1510 2433 1593 2518 κατ’

204 2545 334 2652 ἐξιχᾶι
352 2559 518 2639 effectum
536 2579 666 2636 vocure
680 2553 807 2648 soleo]
826 2557 863 2632 ἃ
888 2555 1031 2633 effectus
1052 2553 1216 2632 intenfivi
1235 2556 1295 2635 seu
1315 2557 1483 2636 formalis.
1516 2557 1594 2637 De-

200 2675 393 2768 fideratum
406 2683 513 2758 enim
536 2657 611 2767 cst}
642 2687 683 2754 ut
699 2675 885 2773 praestetur
901 2671 1059 2750 multum
1079 2675 1117 2758 dr
1136 2676 1220 2752 cito.
1251 2673 1377 2754 Ambae
1397 2688 1517 2756 autem
1536 2674 1595 2754 aes-

201 2797 406 2884 timationes
428 2796 657 2876 consentiunt
677 2795 770 2869 inter
785 2791 841 2880 se,
863 2805 915 2885 Διιι
943 2783 1040 2868 vides
1042 2849 1591 2873 ..............

259 3030 333 3112 Pro
359 3022 583 3138 fflgeniam'r
610 3029 859 3108 notationibus
874 3025 1129 3126 marginalibus
1146 3052 1217 3130 ago
1243 3031 1373 3129 gratias
1388 3027 1592 3132 fingulares,

209 3165 439 3252 rogoqueut
469 3166 610 3230 caeteras
638 3169 785 3250 quoque
813 3167 941 3223 omnes
964 3149 1220 3224 communices.
1282 3145 1445 3224 Indicant
1474 3146 1595 3224 nescio
1749 3188 1751 3196 f

202 3269 293 3369 quid
314 3267 558 3358 morolitatie,
590 3288 637 3346 ne
661 3265 780 3370 dicam
802 3261 1054 3362 malignitatis,
1088 3261 1146 3341 led
1167 3263 1296 3365 quibua
1319 3287 1363 3340 eo
1389 3261 1526 3340 facilius
1540 3263 1596 3362 ig-

200 3386 449 3475 noscendum,
482 3385 584 3488 quod
610 3379 754 3485 publice
778 3383 817 3462 δι
837 3405 903 3480 per
927 3378 1059 3456 litteras
1078 3383 1234 3481 aequiora
1262 3379 1373 3468 dixit,
1402 3379 1607 3484 praelertim'

204 3501 252 3582 de
270 3503 410 3605 Aualysr
431 3507 559 3583 nostra
590 3503 687 3582 Nam
708 3502 747 3575 in
770 3493 876 3591 Allis
902 3489 1139 3574 Erudirorum
1175 3509 1306 3588 1693,
1338 3521 1374 3597 p.
1403 3510 1490 3592 476
1506 3497 1595 3594 [ubi
1678 3549 1681 3555 -

204 3618 421 3700 solutionem
442 3621 542 3702 suam
565 3617 799 3699 Problematis
817 3613 999 3714 cujusdam
1017 3669 1028 3704 ,
1048 3613 1122 3692 Tui
1140 3627 1257 3717 puto,
1277 3613 1462 3692 occasione
1482 3611 1596 3695 Conl-

204 3739 391 3816 trudionis
420 3739 592 3819 tradoriae
624 3735 819 3833 excogitati
845 3727 1026 3833 exhibet]
1056 3730 1181 3810 diserte
1215 3732 1447 3810 commendat
1469 3729 1597 3810 calculi

205 3855 446 3934 differentialis
478 3863 592 3954 [quo
621 3867 710 3931 tunc
739 3851 887 3926 feliciter
912 3847 992 3926 usus
1022 3855 1135 3959 erat]
1158 3851 1438 3939 inventionem,
1470 3842 1597 3954 absque

204 3997 277 4080 que
301 3969 494 4084 [inquit]
525 3967 662 4070 vixest
684 3986 726 4045 ιιι
756 3964 808 4042 ad
823 3958 892 4041 has
904 3959 1126 4063 stabilitates
1148 3966 1431 4044 admiraremur.
1492 3963 1567 4046 Et
1557 3989 1600 4050 ιιι,
1722 4045 1725 4056 ,

203 4091 273 4172 su'n
304 4087 349 4166 ad
376 4113 436 4169 me
460 4089 608 4178 litteris,
642 4088 788 4166 biennio
815 4083 945 4162 abhinc
973 4084 1113 4160 circiter
1134 4084 1291 4184 scriptis,
1325 4083 1515 4166 Calculum
1532 4107 1598 4161 ro-

206 4223 264 4290 cat
282 4207 529 4286 admirabilem
554 4193 695 4308 [olan
721 4198 950 4280 merveilleux
969 4196 1128 4304 calcal]
1161 4202 1280 4282 Verba
1298 4198 1372 4306 ipsa
1392 4199 1603 4281 Τίιιιιιιιιῑ-Ι

207 4325 373 4414 cubam,
404 4327 469 4405 ubi
487 4325 611 4403 litterae
637 4318 837 4400 incident
827 4343 866 4396 m
894 4342 1046 4400 manus:
1077 4341 1177 4402 nunc
1203 4321 1353 4406 enimse
1375 4311 1492 4400 statim
1522 4313 1602 4398 non

208 4441 392 4534 offerunt,
425 4446 642 4546 &quaerere
665 4463 745 4524 ιιοιι
770 4449 880 4520 uacat.

838 4553 902 4651 ‚Y
965 4575 987 4637 a
1418 4557 1604 4666 Postremo
