4292 5530
560 382 637 469 ἰη
742 343 1240 482 nomannorum
1283 349 1868 458 terrasticum*

2106 221 2107 276 l

2106 339 2107 394 l

423 539 542 634 '1595
562 523 779 626 politionem
808 541 929 606 motus
957 528 995 602 dr
1019 526 1167 625 quidem
1193 488 1250 602 fic'.
1279 523 1473 604 Moventur
1504 512 1623 628 (Fig.
1641 523 1740 621 29.)
1766 525 1897 624 globus
1911 522 1956 622 A,

407 638 544 736 ianuae,
563 642 745 726 celeritate
761 645 798 720 dr
826 643 1021 724 anemone
1050 643 1140 732 AB,
1174 645 1211 719 ἃ
1236 643 1413 742 impingat
1432 640 1580 744 oblique
1602 645 1639 719 in
1666 642 1777 720 alium
1804 641 1959 744 globum

377 737 482 826 Μ·
497 739 543 816 V·
564 761 738 863 aequalem
760 759 789 840 B
812 760 1071 864 quiescentem,
1104 765 1152 838 ita
1171 775 1213 838 ut
1242 759 1395 860 angulus
1420 757 1641 859 obliquitatis
1667 757 1783 864 ABD
1802 759 1844 837 fit
1857 759 1959 838 serui-

417 871 421 876 ’
567 881 681 958 aestus
688 904 701 962 t
734 899 832 956 nunc
854 881 1049 980 quaeritur,
1083 876 1171 979 quid
1196 872 1277 976 post
1301 876 1411 954 iilum
1429 873 1472 952 fit
1489 874 1673 964 fututum,
1705 874 1889 980 suppoiito
1903 889 1961 957 tt>

569 1009 644 1073 tam
672 997 872 1096 potentiam
891 996 1054 1096 corporis
1084 997 1230 1092 aliquus
1261 991 1391 1071 ditetis
1415 997 1629 1072 incurrentis
1665 991 1762 1100 polle
1782 993 1964 1071 transferri

496 1184 498 1188 ,
570 1115 610 1192 in
631 1109 728 1190 aliud
752 1133 884 1212 corpus
913 1111 1047 1216 aequale
1069 1111 1274 1215 quiescens?
1304 1108 1503 1190 Confidero
1524 1125 1669 1190 motum
1691 1109 1758 1188 AB
1791 1125 1963 1212 tanquam

570 1226 814 1330 compulitum
831 1253 877 1306 ex
898 1229 1041 1308 duobus
1062 1229 1136 1306 aliis
1149 1225 1341 1330 aequalibus
1363 1226 1461 1316 AC,
1493 1226 1583 1317 BC,
1619 1220 1776 1328 qu'orum
1801 1227 1965 1304 diretiio-

571 1370 634 1424 nes
653 1345 827 1445 angulum
849 1343 979 1424 iaciamt
997 1348 1134 1426 retium
1147 1345 1276 1426 ACB:
1309 1369 1409 1423 nunc
1425 1347 1543 1424 statim
1558 1357 1677 1445 patet,
1711 1333 1964 1448 quoniamae

572 1467 622 1542 est
643 1461 805 1564 paralisis
821 1461 885 1564 ipfi
904 1461 1005 1553 BD,
1027 1463 1150 1545 &BC
1167 1462 1391 1540 adeamdem
1412 1462 1734 1564 perpendicularis,
1767 1463 1869 1562 quod
1885 1461 1965 1561 glo-

572 1575 642 1660 bus
663 1579 717 1669 A,
749 1579 947 1660 secundeum
976 1582 1209 1660 diretlionem
1240 1578 1339 1670 AC,
1372 1579 1464 1657 nihil
1488 1579 1653 1679 globoB
1681 1581 1962 1666 communicet,
2106 1679 2107 1688 ,

572 1697 631 1776 sed
654 1697 756 1798 quod
784 1713 860 1775 tota
881 1701 933 1776 vis
952 1698 1150 1779 secundum
1165 1697 1238 1776 BC
1253 1691 1481 1776 debueratne
1513 1699 1551 1772 in
1571 1695 1728 1796 globum
1751 1689 1780 1774 B
1807 1693 1869 1792 (fi
1887 1719 1967 1772 mo-
2106 1725 2107 1798 ,

573 1816 625 1892 do
653 1813 756 1913 globi
782 1815 934 1915 perfetta
953 1831 1014 1897 aut
1030 1814 1153 1894 saltem
1169 1814 1370 1894 admodum
1397 1814 1528 1892 clastici
1549 1811 1874 1914 supponantur,ut
1887 1813 1968 1912 glo-
2106 1803 2107 1894 ἶ

573 1934 613 2010 bi
636 1931 782 2009 inludo
809 1931 1080 2031 tudiculatio,)
1101 1936 1149 2012 ita
1176 1948 1219 2010 ut
1245 1933 1326 2032 post
1352 1933 1464 2010 itlum
1486 1929 1618 2028 globus
1644 1930 1672 2009 B
1706 1943 1894 2010 morentur
1929 1933 1967 2006 in
2106 1923 2107 1992 ἶ

575 2049 771 2126 diretlione
808 2046 900 2136 BE,
934 2049 1122 2130 velocitate
1158 2048 1264 2138 BC,
1297 2051 1335 2126 dr
1361 2050 1509 2148 globus
1526 2046 1558 2125 A
1575 2050 1614 2124 io
1646 2046 1843 2124 dueatone
1865 2043 1966 2142 BF,
2106 2059 2107 2124 l

576 2166 766 2244 velocitate
794 2165 881 2246 AC.
943 2166 1131 2262 Quoniam
1154 2181 1307 2256 autem,
1344 2180 1418 2244 mm
1442 2165 1570 2264 globi,
1599 2187 1707 2264 quam
1731 2164 1968 2253 velocitates,

577 2281 647 2362 fint
678 2281 852 2383 aquales,
886 2299 991 2361 erunt
1008 2307 1137 2362 eorum
1155 2285 1327 2385 potentia
1345 2281 1521 2386 aquales,
1541 2283 1593 2372 2&
1614 2283 1727 2360 ambae
1748 2277 1853 2359 limul
1862 2287 1965 2382 iuno
2106 2373 2107 2394 ἰ

579 2413 645 2487 tae,
667 2413 838 2498 tanquam
862 2399 1036 2489 effeom,
1071 2401 1219 2502 aquales
1240 2400 1370 2487 musae,
1402 2399 1439 2476 id
1471 2399 1541 2489 est,
1573 2400 1643 2476 toti
1665 2401 1837 2498 potentiae
1863 2421 1969 2500 quam

579 2515 733 2596 habebat
747 2514 879 2614 globus
903 2517 938 2595 A
959 2531 1040 2595 ante
1063 2519 1182 2596 iilum.
1244 2516 1342 2616 Ergo
1361 2521 1523 2616 potentia
1545 2515 1649 2614 globi
1674 2513 1709 2592 A
1731 2529 1812 2592 ante
1836 2517 1966 2606 idum,

583 2633 633 2710 est
663 2633 708 2710 ad
741 2637 941 2731 potentiam
967 2634 1071 2733 globi
1095 2635 1123 2714 B
1145 2635 1226 2736 post
1250 2635 1360 2712 iilum
1389 2649 1429 2712 ut
1454 2655 1478 2710 2
1507 2630 1552 2710 ad
1578 2655 1631 2726 1,
1663 2645 1705 2708 ut
1730 2630 1893 2732 (AB)²
1927 2631 1972 2709 ad
2055 2685 2058 2694 ,
2106 2627 2107 2632 ‘

581 2745 770 2846 (Be)²;
800 2765 842 2826 ut
872 2749 1086 2850 quadratum
1120 2749 1317 2830 velocitatis
1347 2749 1403 2840 A,
1445 2750 1491 2828 ad
1527 2749 1741 2851 quadratum
1776 2749 1971 2830 velocitatis

443 2997 444 3002 ‘
642 2981 745 3058 Idem
767 2981 978 3082 generaliter
1008 2987 1125 3084 potest
1154 2985 1418 3074 demonstrari,
1450 2984 1475 3062 fi
1502 2981 1633 3084 globus
1658 2981 1718 3072 A,
1754 2985 1821 3063 alia
1851 2987 1971 3088 quavis

414 3117 417 3124 ’
584 3096 816 3200 obliquitate,
849 3099 1068 3201 intelligatur
1085 3105 1266 3181 incurrere
1290 3105 1330 3179 in
1347 3101 1502 3204 globum
1519 3101 1571 3195 B;
1603 3115 1690 3178 tunc
1713 3105 1810 3180 enim
1838 3103 1973 3204 semper

585 3217 717 3317 globus
740 3215 768 3294 B
788 3219 937 3318 recipiet
955 3217 1181 3296 velocitatem
1200 3218 1296 3309 BC,
1330 3219 1518 3318 &globus
1544 3219 1578 3296 A
1599 3233 1726 3318 perget
1750 3224 1891 3298 moveri
1915 3244 1975 3297 ve-

584 3333 730 3410 locitate
763 3333 837 3412 AC
849 3359 861 3428 ;
892 3335 929 3410 δι
958 3333 1031 3412 hoc
1058 3336 1199 3424 modo,
1228 3339 1316 3438 quia
1344 3338 1514 3436 potentiae
1544 3333 1624 3413 duae
1658 3336 1840 3435 partiales,
1872 3335 1974 3415 smol

584 3449 753 3548 sumptae,
786 3452 1008 3530 construunt
1034 3456 1269 3547 totam5erit
1292 3455 1452 3554 potentia
1474 3451 1579 3551 globi
1604 3450 1637 3528 A
1658 3452 1739 3552 post
1764 3453 1897 3541 istum,
1930 3453 1974 3530 ad

585 3567 785 3666 potentian
806 3566 908 3666 globi
930 3567 981 3658 B,
1013 3583 1055 3646 ut
1078 3564 1233 3674 (AC,)²
1253 3568 1300 3648 ad
1323 3567 1500 3668 (B·C)²,
1522 3569 1560 3646 id
1581 3570 1631 3646 est
1652 3582 1693 3646 ut
1711 3569 1881 3669 quadrata
1894 3569 1974 3670 glo

587 3683 719 3767 borum
747 3682 1011 3762 celeritatum.''
1209 3785 1212 3790 Ι

644 3798 776 3876 Nescio
793 3799 896 3902 quid
913 3801 1003 3886 ‚huic
1025 3801 1320 3880 demonstrationi
1344 3804 1454 3901 objici
1482 3801 1588 3903 poliat
1598 3829 1611 3898 3
1626 3865 1628 3868 .
1642 3800 1706 3878 nise
1725 3801 1864 3892 fortaffe
1876 3803 1976 3906 quod

585 3913 802 4013 nulliglobi
823 3931 898 3994 tam
916 3907 1220 4018 perfode-elaltici
1246 3923 1488 4019 reperiantur,
1520 3923 1584 4020 qui
1611 3943 1760 4002 omnem
1786 3921 1884 4002 suam
1910 3943 1976 4020 po

587 4034 736 4108 mutiam
774 4035 813 4108 in
839 4035 927 4114 alios
957 4037 1106 4138 equales
1137 4037 1268 4116 diretta
1291 4038 1533 4136 impingentes
1560 4035 1806 4116 transfundere
1831 4035 1975 4138 pollmt.

587 4143 673 4226 Hoc
692 4147 855 4247 profetio
876 4149 1216 4232 demonstrationem
1234 4157 1390 4234 nostram
1412 4155 1562 4230 minime
1585 4153 1786 4232 labefattat:
1835 4151 1975 4234 Etiamfi

588 4268 686 4342 cuim
708 4265 1062 4366 concedamus'illanr
1086 4271 1276 4368 perictlam
1294 4271 1534 4348 elaliicitatem
1552 4295 1629 4348 non
1647 4269 1748 4364 dari3
1780 4270 1908 4350 scimus
1926 4285 1978 4348 ta·

564 4391 674 4460 men
687 4399 751 4481 per
765 4385 1022 4482 experientiam
1036 4385 1111 4466 dari
1126 4408 1279 4486 corpora
1287 4391 1335 4467 ita
1347 4401 1516 4491 prompte
1531 4386 1566 4465 se
1579 4387 1815 4476 restituentia,
1848 4387 1979 4481 utmal-
2076 4447 2079 4456 ,

565 4497 667 4598 ,lum
685 4497 843 4580 ieufibile
871 4498 1061 4584 discrimen
1087 4500 1222 4588 inurit
1241 4505 1338 4589 iuter
1367 4503 1596 4592 velocitatem
1625 4501 1731 4607 globi
1764 4499 1979 4588 incurrentis

766 4647 767 4653 ¹
1897 4631 1981 4702 ante
