4184 5526
440 289 445 312 ,
559 289 629 360 322
820 271 1735 362 counurcrunrrrsrorrcunr,

398 426 496 505 1697
552 425 679 509 'namur
695 432 731 506 in
751 451 825 528 quo
849 425 1011 504 confistat
1031 425 1242 514 artificium,
1269 425 1389 504 donec
1402 429 1509 504 nobis
1525 416 1604 526 ipsis
1630 429 1771 508 licuerit
1780 433 1940 533 prosequi

384 515 521 609 Aufflst·
558 573 625 651 pro
642 549 824 645 dignitate.
856 545 954 623 Nam
977 569 1022 620 ex
1043 567 1135 618 nova
1152 541 1413 620 differentiandi
1435 543 1618 622 Methodo
1632 545 1767 623 necesse
1782 551 1832 626 est
1851 549 1941 624 sicii

554 667 618 744 fim
646 688 755 740 novas
786 667 893 741 etiam
921 660 1120 738 summundi
1157 663 1310 738 rationes
1341 665 1451 748 oriri,
1483 661 1529 737 ad
1559 677 1646 762 quas
1673 664 1774 740 aliter
1809 657 1941 742 fortaiie

554 785 668 879 editus
694 785 755 857 vix
776 795 920 882 pateret.
983 773 1148 875 Exempli
1168 777 1287 867 causa,
1320 779 1359 854 in
1383 777 1497 876 figura
1517 780 1554 854 ἃ
1576 779 1655 856 casu
1679 777 1846 880 Epistoiae
1861 807 1944 870 meo,

430 983 444 1010 .
554 895 771 984 noviffimae,
814 909 910 997 patet
944 895 1077 972 Arcum
1114 892 1295 970 VCdare
1318 893 1493 971 summam
1527 899 1693 974 omnium
1731 891 1937 994 adasdx:
2013 897 2017 904 ’

551 1011 734 1106 usna-i—
753 1019 843 1108 xx)
870 1027 975 1111 arque
994 1014 1043 1086 ita
1063 1032 1148 1086 cum
1173 1009 1266 1086 binae
1298 1010 1378 1088 sunt
1402 1015 1612 1098 variationes
1639 1015 1733 1088 inter
1764 1013 1797 1088 se
1832 1013 1941 1090 diver-

553 1133 615 1220 sae,
642 1133 774 1208 institui
797 1129 913 1226 potest
931 1127 1144 1208 summatios
1178 1127 1279 1228 qnod
1293 1127 1381 1227 saepe
1394 1131 1526 1228 requiri
1545 1131 1619 1222 jam
1642 1129 1731 1206 olim
1751 1129 1941 1228 deprehen-

553 1251 604 1326 di.
664 1247 766 1341 Qrin
799 1243 950 1343 amplius
978 1263 1108 1320 cuma
1135 1241 1239 1341 pofflt
1265 1248 1395 1322 variam
1421 1249 1580 1346 accipere
1612 1241 1937 1343 fignificationem,

553 1365 771 1464 consequens
799 1365 849 1440 est
874 1375 951 1437 tum
978 1385 1046 1460 pro
1065 1359 1309 1461 quadraturis,
1344 1377 1424 1438 turn
1452 1386 1520 1461 pro
1544 1362 1752 1440 reductione
1766 1369 1937 1462 -aequatio-

553 1507 643 1560 num
665 1477 981 1564 differentialium,
1014 1477 1081 1560 hac
1113 1480 1252 1554 ratione
1275 1479 1431 1554 obtineri
1457 1475 1582 1579 poffe,
1623 1502 1705 1577 quae
1730 1495 1834 1556 mtea
1863 1479 1936 1556 Me·
2070 1469 2071 1492 ¹

553 1599 674 1675 thodis
703 1598 829 1674 nostris
866 1596 1039 1673 obstinate
1077 1593 1110 1670 se
1138 1592 1171 1669 ie
1205 1597 1466 1700 opponebant,
1497 1609 1539 1672 ut
1576 1617 1631 1670 res
1671 1594 1742 1694 ipsa
1770 1595 1827 1672 Te
1857 1621 1944 1674 mou¹
2070 1601 2071 1612 '

555 1715 709 1793 docebit.
748 1797 753 1808 ,
932 1775 935 1782 .
1050 1731 1052 1738 ’

613 1829 657 1909 Et
681 1855 721 1908 ea
747 1828 947 1910 multorum
973 1826 1246 1910 Problematum'
1272 1844 1394 1906 natura
1423 1828 1492 1916 est,
1510 1841 1566 1910 ,ut
1598 1826 1738 1904 nonniii
1764 1853 1829 1928 per
1863 1855 1941 1931 qua·

553 1947 712 2026 draturas
739 1947 816 2022 istas
838 1945 1072 2044 disgregatus,
1104 1957 1145 2022 ut
1160 1946 1207 2020 ita
1223 1945 1360 2032 dicam,
1395 1942 1451 2021 seu
1466 1946 1659 2020 ordinatim
1676 1945 1826 2022 diversas
1848 1947 1941 2023 cons·

555 2069 630 2166 trui
653 2061 808 2169 poffmt3
841 2086 925 2164 quas
947 2064 1072 2161 utique
1090 2063 1221 2137 evitare
1241 2086 1317 2139 non
1341 2060 1448 2148 iicet,
1482 2063 1622 2161 quoties
1653 2061 1724 2138 iuae
1754 2063 1939 2160 quadratu-

558 2205 606 2257 rae
642 2181 835 2258 ordinatim
872 2179 1014 2256 diversae
1038 2177 1082 2254 ad
1112 2201 1223 2255 unam
1254 2179 1377 2256 reduci
1409 2201 1486 2252 norr
1514 2175 1668 2278 poiiunt.
1730 2177 1799 2254 Sed
1833 2204 1942 2278 cogor

559 2321 659 2376 nunc
684 2299 922 2395 abrumpere,
965 2297 1138 2397 quoniam
1163 2286 1409 2397 Brunlizigaem
1447 2294 1701 2372 discedendum
1731 2296 1802 2382 est,
1836 2296 1938 2396 paulo

557 2432 642 2496 ante
663 2414 859 2500 nundinas,
892 2417 939 2490 ita
957 2414 1102 2510 jubente
1113 2409 1337 2488 Sereniffimo
1362 2399 1671 2512 Brunfhicenfium
1692 2411 1819 2500 Duce,
1846 2412 1940 2514 quod
2071 2395 2072 2434 r

555 2533 598 2610 'in
620 2529 699 2632 ipfis
717 2529 884 2607 nundinis
913 2546 1120 2606 exterorum
1140 2529 1342 2624 multitudo·
1357 2532 1473 2628 otium
1495 2531 1529 2628 ei
1556 2551 1701 2605 mecum
1730 2527 1810 2606 satis
1834 2529 1941 2606 colio-
2071 2535 2072 2590 i

561 2647 830 2750 quendineget.
891 2645 1074 2724 Dominus
1107 2644 1337 2723 Burrum
1368 2644 1596 2724 anusor
1629 2645 1720 2721 mihi
1749 2645 1795 2722 ad
1833 2669 1940 2746 nupe-

479 2773 487 2788 '
559 2789 637 2842 ram
663 2763 827 2840 schedam
857 2761 958 2842 aTe
983 2777 1141 2842 curatam
1170 2761 1363 2862 respondit.
1424 2761 1509 2840 Mea
1537 2765 1575 2837 in
1612 2760 1938 2850 Cunctorum,

560 2905 645 2960 cum
667 2881 751 2958 Tuo
777 2877 911 2974 judicio
941 2878 1098 2982 Tuiique
1124 2877 1485 2960 aninredverfionibus
1518 2879 1667 2957 demum
1703 2874 1767 2958 suo
1804 2895 1941 2982 tempo·

558 2993 598 3076 ie
627 2997 788 3098 experto,
848 2991 938 3072 Vale
950 3052 967 3084 ‚,

604 3225 736 3328 Dubum
755 3217 1304 3326 Hmoverae9⁶.Augtdii.1697.
1343 3305 1346 3312 ,

1435 3535 1438 3542 ,
1533 3443 1778 3566 Deditiiirmus

1138 3653 1368 3768 Godfiidus-
1387 3651 1599 3740 Guillrlmrrs
1629 3661 1942 3740 Luruurrrus.
2072 3673 2073 3704 ¹
