4266 5534
253 281 570 382 zaraurnrr
602 311 672 378 ar
697 302 1105 399 hannonem,
1133 309 1300 388 narse.
1325 316 1462 394 xxm.
1512 339 1589 414 '159

182 442 285 543 quod
300 442 463 522 &secere
480 444 605 534 soleo,
640 447 678 520 δι
704 449 947 526 communiter
965 447 1124 538 sufficere
1135 455 1264 553 potest.
1298 456 1370 536 Sed
1396 473 1517 540 tamen
1527 466 1589 546 de.
1640 493 1737 571 1696

181 560 358 660 signatio,
405 561 500 662 quasr
525 561 789 662 parenthetica,
824 589 888 665 per
915 583 1096 647 commata
1130 570 1351 654 includentin
1375 580 1425 656 est
1448 573 1589 667 absolu.
1652 586 1726 664 Mai

180 681 277 767 tior,
312 682 496 780 tutiorque
513 680 697 760 interdum
704 707 715 776 3
746 682 984 782 prasertimsr
1011 711 1079 788 pro
1099 693 1341 771 commatibus
1354 697 1590 786 adhibeantur

182 819 275 874 verae
302 784 549 896 parentheses,
573 793 631 875 'ne
656 815 837 879 commata
860 803 994 882 inversa
1013 808 1286 887 confundantur
1303 837 1388 892 cum
1414 817 1584 915 litterar,
1644 847 1649 860 ·

181 913 341 1015 exempli
364 917 476 1016 gratia
490 918 528 991 in
556 915 686 994 eodem
715 917 794 995 casu
810 921 873 996 ista
899 922 1002 1000 stabit
1023 919 1204 1026 (a÷(b.·
1220 928 1276 1022 c)>
1287 958 1299 1001 :
1317 930 1587 1046 (e·-(J'1g))·
1608 931 1614 942 '

239 1032 452 1132 Pergratum
467 1034 560 1121 suit,
593 1034 693 1134 quod
716 1039 858 1114 nuntias
877 1038 922 1115 de
941 1045 1073 1118 notatis
1087 1041 1245 1122 Domini
1259 1046 1295 1124 H
1308 1074 1329 1124 u
1342 1075 1485 1130 cruri
1499 1081 1592 1136 nrar-
1641 1099 1646 1104 ·

182 1151 363 1251 ginalibus
384 1155 423 1227 in
449 1144 550 1228 Aua
572 1141 816 1229 Eruditorum.
880 1154 989 1257 Rogo
1012 1172 1054 1236 ut
1072 1166 1196 1240 omnia
1212 1161 1361 1243 describi
1380 1193 1504 1260 cures,
1520 1173 1591 1256 five

181 1293 263 1356 me,
293 1266 363 1346 sive
381 1269 469 1346 alios
493 1283 732 1358 concernant,
757 1269 920 1373 mihique
947 1283 1217 1369 communices,
1250 1282 1405 1364 libenter
1422 1295 1591 1391 expensas

181 1385 341 1464 reddam.
373 1386 483 1466 Initio
515 1410 643 1486 parum
663 1387 803 1466 favebat
831 1391 1013 1469 methodis
1038 1397 1188 1487 nostris,
1223 1401 1324 1501 qu‘od
1352 1404 1508 1486 frustum
1534 1437 1591 1490 ea-

181 1527 292 1588 rum,
326 1502 384 1581 sua
420 1505 667 1582 amicorumve
700 1509 937 1604 experientia,
970 1513 1138 1590 nondum
1160 1515 1360 1609 didicisset,
1395 1527 1496 1625 quod
1522 1553 1590 1609 nec

181 1627 222 1700 in
248 1620 325 1698 suis*
341 1621 386 1698 ad
410 1644 469 1696 me
494 1623 675 1728 prioribus
696 1621 923 1702 diistmulevit
935 1652 947 1722 3
978 1625 1039 1704 sed
1063 1633 1185 1730 postea
1209 1635 1336 1716 rectius
1360 1639 1484 1721 doceri
1513 1671 1589 1725 coe-

180 1741 260 1842 pit,
295 1739 333 1815 &
360 1763 445 1818 cum
463 1743 508 1814 in'
529 1739 653 1815 litteris
672 1742 837 1839 privatis,
870 1755 951 1820 tum
979 1747 1018 1822 in
1038 1745 1286 1842 schediasmate
1308 1759 1468 1856 quodam
1499 1761 1615 1843 inter

181 1851 286 1935 Assa
316 1849 503 1962 Lipfienſsa
539 1855 751 1956 publicato,
795 1857 946 1937 candide
981 1870 1266 1964 pronuntiavit,
1319 1876 1420 1974 quod
1446 1904 1501 1958 res
1529 1885 1587 1961 est.
1690 1945 1692 1950 ,

181 1975 275 2054 Non
292 1972 420 2052 dubito
444 1989 595 2062 tamen,
638 1977 726 2076 quin
762 1977 925 2075 quaedam
949 1981 994 2058 ab
1017 1983 1096 2083 ipso
1121 1985 1214 2063 redte
1238 1988 1508 2075 admoneantur,
1545 2000 1587 2079 ln

180 2091 333 2178 scheda,
364 2083 640 2196 Deheststmua
662 2115 761 2170 error
780 2094 947 2196 quidam,
976 2109 1027 2177 'ex
1039 2099 1283 2196 festinatione,
1316 2109 1584 2209 admissuserat,

31 2265 39 2276 .
184 2214 279 2312 circa
302 2209 495 2310 quamdam
518 2207 827 2311 Proposrtionem3
871 2212 970 2294 hunc
997 2242 1106 2309 cum,
1139 2224 1177 2298 in
1212 2223 1328 2326 aliqua
1353 2227 1511 2331 Epistola
1532 2213 1588 2314 ¹ad
1615 2234 1618 2240 ’

178 2327 303 2430 'ipsum
321 2327 428 2416 data,
463 2325 649 2406 occasione
675 2325 935 2425 emendassem,
970 2331 1157 2438 respondit
1180 2338 1215 2415 se
1234 2341 1268 2420 se
1287 2344 1386 2424 idem
1409 2374 1503 2450 pene
1526 2368 1585 2433 to·
1670 2416 1682 2446 .,

183 2446 298 2524 tidem
313 2447 459 2534 verbis,
492 2447 544 2523 ibi
568 2445 614 2524 ad
635 2451 838 2548 marghrem
859 2447 1064 2546 Actorum,
1098 2454 1232 2536 notasse
1232 2517 1581 2549 .........

182 2561 296 2654 Vale,

43 2908 95 2946 ·.·.
233 2891 367 2976 Dabam
384 2897 559 3002 Hanaperae
580 2911 634 2988 ις.
654 2897 746 2978 Mei:
765 2907 871 2996 1696.
925 2901 1008 3008 [ex
1029 2911 1155 2990 itinere
1181 2915 1369 3018 reversus]

803 3249 809 3262 Ι
1017 3257 1022 3263 ¹
1159 3145 1404 3232 Deditiihmur
1439 3163 1454 3219 ‘-

738 3341 954 3457 Godefiidus
993 3352 1207 3442 Guillelmus
1229 3365 1401 3446 Lernu
1415 3392 1429 3444 1
1442 3387 1469 3446 r
1483 3394 1497 3448 1
1511 3395 1536 3449 u
1552 3397 1577 3452 r.
1693 3479 1696 3486 ι
