4222 5534
274 315 586 387 aaronem
618 318 688 384 ar
714 315 1120 403 seruantem,
1148 315 1312 390 nerse.
1334 317 1443 392 xrn.
1509 301 1581 406 239

167 459 259 541 ·DB
284 457 388 543 daret
409 459 614 542 descensum
644 461 911 556 brevissimum
942 459 1003 556 hic
1032 484 1120 540 vero
1142 460 1330 562 indagetur
1350 466 1482 544 modus
1507 463 1583 542 essi-
1632 495 1735 574 ¹697

180 577 299 658 ciendi
321 596 363 659 ut
390 579 525 658 chorda
556 603 675 674 curvae
704 579 808 667 AD,
840 583 971 682 nempe
1006 578 1098 656 retia
1125 578 1206 657 AD
1230 605 1315 670 cunr
1343 581 1438 660 dicia·
1462 605 1580 662 curvae
1604 589 1746 684 Juruar»

178 697 420 802 produs'rione
446 696 522 777 DB
548 697 663 778 sunna
686 697 891 777 descensum
921 693 1170 777 brevissimum
1190 701 1369 801 praebeat,
1401 702 1504 800 quod
1534 702 1584 780 est

179 812 461 894 diversissimum.
941 887 943 892 .
1128 849 1132 854 ·

138 1015 142 1022 „
181 973 186 980 ·
239 932 479 1035 Quanquam,
512 932 577 1011 etsr
600 929 724 1013 onmia
746 931 781 1010 se
799 932 839 1009 se·
860 935 954 1010 bene
977 931 1176 1024 haberent,
1210 935 1247 1011 dr
1282 934 1330 1010 ad'
1354 935 1583 1020 desideratam

179 1071 326 1128 curram
354 1053 574 1154 pertinerent
586 1097 602 1141 ·,.
631 1065 751 1128 tamen
773 1049 962 1130 Problema
991 1075 1072 1128 non
1101 1049 1184 1128 esset
1214 1051 1394 1148 solutum3
1425 1065 1583 1136 tanturn-
1617 1077 1620 1080 ·

177 1166 298 1245 modo
319 1165 417 1244 enirn
440 1183 578 1273 reperta
596 1167 679 1246 esset
700 1167 822 1268 aliqua·
836 1191 955 1246 curvae
978 1167 1130 1270 quaesitae
1153 1173 1352 1274 proprietas
1385 1171 1582 1252 secundum

178 1281 254 1360 suas
285 1297 472 1384 tangentes
493 1311 506 1380 ;
537 1285 638 1387 quod
655 1284 802 1386 quidem
826 1309 907 1364 non
926 1281 1009 1360 esset
1032 1287 1366 1376 contemnendum,
1399 1289 1521 1366 saitem
1545 1316 1581 1366 e-·

178 1397 257 1476 nim
276 1399 464 1480 Problema
481 1401 669 1506 physrcum
692 1400 881 1479 redussum
902 1397 984 1478 esset
1003 1401 1048 1479 ad
1077 1403 1266 1482 Probserna
1293 1429 1394 1509 purae
1424 1406 1592 1490 Geomes.

177 1518 277 1610 triae3
309 1515 370 1600 sed·
390 1541 468 1593 non
485 1518 569 1595 ideo
593 1515 676 1594 esset
700 1515 884 1605 solutum,
915 1515 983 1592 nist
998 1518 1072 1595 hoc
1103 1521 1333 1618 geometrico·
1357 1522 1581 1601 problemate
1723 1561 1727 1570 ·

178 1630 308 1711 solutu.
370 1635 519 1713 Constat
549 1649 669 1712 autern
699 1657 809 1735 quam
835 1629 981 1712 difficile
1009 1633 1050 1712 stt
1072 1640 1230 1713 invenire
1260 1663 1384 1716 curvas
1413 1664 1459 1715 ex·
1492 1640 1582 1728 datis

177 1753 405 1849 tangentium
426 1749 733 1856 proprietatibus,
767 1751 868 1851 quod
900 1749 1123 1830 Methodum
1149 1750 1373 1853 tangentium
1404 1757 1588 1834 inversam

177 1889 308 1944 vocare
332 1866 453 1947 solitus
485 1869 593 1962 sum;
625 1869 662 1944 dc
686 1867 772 1944 licet
800 1865 905 1967 poffit
936 1868 1089 1946 mveniri
1124 1870 1225 1947 valor
1254 1871 1541 1950 differentiasium
1567 1931 1585 1964 ,

176 1981 241 2060 seu
257 1987 347 2060 ratio
371 1979 423 2086 dy
448 1984 491 2061 ad
512 1983 572 2060 dx
592 1987 631 2060 in
655 1983 867 2078 ordinariis3
894 2008 975 2061 non
998 1998 1116 2064 tamen
1135 1988 1220 2066 inde
1243 1988 1380 2092 semper
1400 1989 1583 2068 cascuium

177 2098 450 2178 frumnatorium
470 2102 682 2188 instituere,
713 2099 775 2176 seu
799 2097 1039 2180 terminorum
1065 2103 1294 2202 integralium
1318 2106 1505 2184 relationes
1525 2106 1588 2184 in-

177 2216 302 2294 uenire
329 2221 369 2293 in
388 2217 648 2320 potestate-ere
709 2213 755 2294 Et
776 2241 988 2319 quanquam
1011 2219 1165 2299 concedi
1199 2220 1406 2325 possrthaec
1432 2222 1587 2302 Prome.-

177 2337 273 2414 mata
290 2333 416 2435 aliquo
438 2335 639 2438 modo-pro
660 2332 783 2412 solutis
794 2333 971 2413 srabenda
990 2333 1076 2424 eise,
1108 2338 1256 2438 quando
1273 2339 1411 2418 redacta
1437 2339 1585 2422 suntad.

178 2451 434 2552 quadraturas,
467 2474 552 2528 cum
571 2450 703 2528 scilicet
729 2449 1012 2529 demonstratum
1044 2453 1114 2541 est,
1148 2451 1214 2532 esse
1240 2455 1574 2544 transcendentalia,

178 2569 317 2646 constat
336 2570 649 2646 tamentationem
673 2567 749 2646 haec
765 2567 951 2668 praestandi
978 2569 1151 2648 nondun'r
1169 2586 1296 2652 extare.
1339 2573 1463 2674 Itaque
1483 2573 1597 2652 hanc*
1641 2578 1646 2585 ’

178 2683 398 2765 solutionem
424 2711 444 2764 a
470 2683 637 2764 Domino
667 2685 967 2765 sirmam
989 2702 1187 2778 tentatam,¹
1212 2715 1332 2768 avera
1356 2691 1476 2768 mustis
1497 2715 1585 2768 mo·-

178 2801 236 2880 dis
270 2801 392 2906 abesse
406 2801 597 2882 fatendum
628 2785 694 2882 ess
747 2802 917 2904 Agnosco
946 2818 1067 2881 tamen
1093 2829 1173 2883 non
1195 2806 1488 2894 contemnenda,
1510 2831 1586 2885 nec

181 2920 347 3021 vulgaria
373 2945 460 3000 euna
478 2920 671 3024 specimina
696 2923 804 2999 etiam
829 2921 891 2998 iric
912 2919 1043 2998 dedisse
1068 2925 1207 3021 ingenii
1240 2926 1278 3000 dr
1307 2927 1506 3018 acuminis;
1537 2949 1585 3000 ae

181 3061 260 3114 nrm
289 3039 420 3140 procul
452 3037 564 3116 abesse
589 3063 609 3116 a
635 3062 750 3138 regno
780 3037 966 3116 coelorum
983 3037 1351 3134 Mathematicorurn,
1392 3039 1419 3116 sr
1448 3043 1496 3114 ita
1532 3039 1580 3115 de

174 3157 308 3232 nostris
334 3155 445 3233 rebus·
459 3159 571 3254 jocari
596 3155 648 3232 sas
668 3157 727 3232 ess.
788 3155 878 3233 Non
905 3159 1055 3266 memini
1077 3179 1137 3232 me
1166 3162 1359 3257 quicquam
1385 3153 1504 3230 vidisse
1532 3157 1577 3257 ab

181 3295 227 3349 eo
250 3272 388 3350 editum
404 3299 417 3349 :2
445 3272 649 3352 obversatur
663 3287 781 3350 tamen
796 3275 918 3350 animo
940 3271 1058 3350 nescio
1082 3273 1191 3374 quid,
1211 3289 1256 3351 ut
1272 3271 1391 3350 videar
1412 3271 1501 3348 nrihi
1522 3295 1586 3348 ca·v

180 3389 350 3467 raderent
372 3379 498 3469 manus
519 3395 592 3489 ejus
619 3388 823 3489 agnoscere
1455 3375 1458 3388 '

240 3505 336 3586 Cum
350 3499 496 3611 Paesto
512 3506 650 3595 essem,
679 3507 844 3586 videbam
864 3509 1012 3589 subinde
1032 3507 1202 3605 juvenem
1225 3497 1494 3610 Lugdunensem
1515 3529 1586 3604 pe·-

179 3623 452 3722 ringeniosum,
486 3627 523 3700 dr
543 3623 715 3722 singulari.
732 3629 896 3704 acumine
919 3629 962 3702 in
981 3627 1150 3700 interiora
1174 3625 1281 3700 etiam
1318 3621 1508 3722 snasyseos
1540 3625 1578 3698 dr

181 3739 398 3819 Geomettiae
422 3754 667 3842 penetrantem
682 3765 697 3832 ;.
726 3739 788 3816 sed.
809 3741 871 3818 isle
897 3746 937 3818 ni
959 3741 1064 3818 sassor
1091 3737 1304 3826 discesserat,
1338 3739 1427 3816 dum
1461 3738 1585 3818 adhuc

181 3853 290 3934 essem
310 3849 467 3960 feristis.
517 3855 603 3954 *Vix
622 3869 743 3932 tamen
773 3857 864 3934 mihi
893 3873 982 3936 tunc
1008 3873 1237 3936 occrurerant
1268 3859 1306 3932 in
1331 3850 1477 3942 Gallia,
1514 3859 1584 3955 qui,

179 3976 334 4074 aptiores
358 3999 467 4075 quam
500 3973 567 4050 isle·
592 3971 798 4050 viderentur
824 3973 867 4049 ad
888 3974 978 4052 hec
1003 3963 1345 4050 studia'excolenda.
1406 3973 1579 4050 Nominis
1650 4067 1654 4076 .

180 4113 259 4166 non
286 4095 458 4181 memini,
491 4114 533 4168 ac
555 4087 708 4190 proinde
731 4089 849 4166 dicere
869 4114 946 4168 non
968 4085 1144 4191 possmn,
1174 4114 1217 4164 an
1238 4087 1280 4164 sit
1301 4088 1371 4184 hic¹
1390 4089 1462 4188 ipse
1497 4088 1578 4166 Do-

180 4209 306 4286 minus
331 4208 588 4299 Saus-uum
618 4201 717 4282 nosse
750 4206 887 4294 velim,
918 4203 1037 4298 ansis
1058 4209 1097 4282 in
1125 4205 1315 4282 Academia
1343 4206 1578 4282 Scientiarum

180 4321 320 4422 Regia,
348 4323 488 4404 aliudve
514 4323 799 4421 muausgerat?
828 4321 888 4400 sed
914 4325 1119 4424 quicunque
1139 4321 1204 4410 fit,
1239 4339 1333 4398 certe
1353 4320 1488 4419 insigne
1515 4321 1579 4395 asi·
1699 4357 1706 4366 ·

181 4439 277 4544 quid
290 4443 449 4544 prestare
478 4439 577 4546 posse
595 4437 753 4522 uidetur„
807 4436 966 4522 summ
991 4440 1109 4541 legere
1128 4439 1219 4518 olim
1245 4442 1283 4514 in
1311 4430 1454 4630 Diariz
1476 4429 1577 4514 ‚sser-

1450 4553 1588 4629 iterata
