4222 5534
400 511 502 720 {317
557 595 593 657 ta
617 581 709 658 retla
741 581 785 659 ad
810 582 989 682 puntlum
1017 578 1200 658 conradus
1226 577 1470 710 producatur,
1513 577 1605 654 dum
1641 577 1708 678 ipsi
1742 582 1844 660 retlae
1867 582 1954 658 darae

515 794 517 803 Ι
554 712 743 789 occurrat,
775 701 812 776 δι
837 698 1027 778 habebitur
1039 698 1241 800 punitum,
1270 693 1308 773 in
1329 721 1404 799 quo
1427 696 1639 798 Synchrona
1660 697 1801 800 quaefita
1824 700 1953 776 neam

561 336 633 414 304
752 315 1257 408 communnion-
1310 267 1837 410 rrrsrorrcurt,

557 463 641 539 εει.Ι
683 458 772 542 Inde
798 485 844 540 ex
861 461 998 562 puncto
1025 459 1123 548 lixo,
1156 458 1201 535 ad
1221 457 1324 561 quod
1352 457 1511 538 linriliter
1526 455 1598 538 litae
1623 460 1705 538 sunt
1729 461 1850 552 lineae,
1868 461 1960 542 duc-

554 815 675 894 datam
697 833 840 920 tanget,
873 818 975 921 quod
997 817 1048 894 est
1064 817 1240 919 punslunr
1264 813 1456 918 appulsus;
1481 813 1601 899 unde,
1635 815 1723 894 dato
1742 841 1818 896 uno
1841 833 1958 917 pune-

554 946 617 1024 to,
651 934 800 1014 describi
822 929 909 1039 Jaml
920 937 1037 1037 potest
1062 935 1109 1040 Sy
1109 933 1301 1023 nchrona,
1335 957 1541 1038 quanquam
1568 933 1668 1012 hac
1656 957 1829 1032 jamnon
1850 932 1892 1011 fit
1912 957 1959 1012 o-

553 1077 623 1154 pus
645 1053 718 1132 hoc
741 1053 835 1132 loco.
897 1053 952 1132 Eo
976 1053 1053 1155 ipso
1087 1055 1184 1130 enim
1208 1051 1309 1154 quod
1338 1051 1529 1132 habebitur
1550 1038 1730 1153 puulluru
1749 1051 1954 1154 appulsus,

553 1171 718 1274 adeoque
738 1172 911 1274 punstunr
935 1171 1036 1250 lineae
1057 1170 1234 1281 celerrimi
1250 1169 1416 1271 appulsus
1437 1168 1608 1272 quaelitae3
1639 1168 1831 1250 habebitur
1863 1169 1955 1246 linea
2084 1181 2085 1193 ¹

554 1277 660 1426 ipsa,
685 1295 819 1392 quippe
841 1289 983 1402 specie'
971 1314 1044 1388 Jam
1069 1289 1166 1370 data
1217 1285 1355 1368 Eadem
1374 1287 1570 1368 methodus
1594 1288 1739 1368 videtur
1761 1291 1871 1366 etiam
1886 1288 1956 1366 ser

553 1411 660 1496 vire,
688 1406 942 1490 sicelerrimus
967 1407 1133 1510 appulsus
1157 1421 1335 1508 quaeratur
1354 1429 1432 1485 non
1453 1407 1499 1486 ad
1529 1407 1686 1495 tellam,
1715 1406 1776 1484 sed
1805 1407 1851 1484 ad
1874 1429 1959 1483 cur
2089 1407 2090 1410 ‘

554 1550 636 1604 vam
656 1524 835 1638 posrtione
863 1527 1000 1606 domm..
1055 1525 1235 1618 Ceterum
1258 1549 1339 1603 non
1368 1523 1506 1626 semper
1528 1549 1656 1606 curvas
1689 1525 1959 1604 construffione
2087 1565 2088 1568 ι

555 1643 653 1722 datas
675 1645 872 1722 commode
895 1645 939 1724 ad
962 1646 1189 1743 tangentium
1213 1641 1364 1722 inversas
1385 1643 1543 1734 reduci,
1567 1642 1627 1720 vel
1648 1667 1727 1720 non
1737 1643 1887 1745 semper
1903 1643 1958 1720 sa·-

555 1761 624 1842 cile
648 1759 770 1839 haberi
803 1762 964 1840 valorem
994 1758 1174 1868 dyrdx,
1208 1786 1275 1864 per
1312 1761 1535 1851 ordinarias,
1568 1760 1647 1840 satis
1677 1761 1855 1864 superque
1883 1759 1957 1860 ipse·

555 1893 721 1982 expertus
738 1879 842 1970 sum,
874 1881 912 1958 u
934 1881 1023 1982 alios
1047 1880 1221 1960 methodi·
1232 1879 1475 1964 differentialis
1494 1879 1650 1959 desedus
1668 1879 1751 1984 plus
1776 1879 1876 1968 satis,
1896 1901 1959 1955 ιε-

553 2011 629 2076 tere
650 1999 723 2095 jam
746 1997 838 2087 usu,
881 2012 1089 2099 compertos
1117 1998 1254 2082 habeo.¹
1306 1995 1402 2076 Hoc·
1422 2000 1460 2074 dr
1486 1998 1572 2076 loco
1604 2011 1727 2076 tamen
1751 2022 1813 2075 eos
1863 2011 1957 2098 puto

552 2117 676 2210 vitari3
708 2115 853 2192 &nihil
874 2118 923 2193 est
943 2116 1045 2219 quod
1061 2116 1233 2218 impediat
1257 2115 1382 2196 haberi
1401 2129 1612 2215 tangentem
1633 2115 1870 2216 Syncluonae,
1893 2114 1955 2192 seu·

538 2234 713 2328 .V2101em
747 2232 798 2338 dy
815 2259 824 2310 ε
841 2233 906 2310 dx
943 2259 1008 2336 per
1033 2257 1061 2307 x
1087 2236 1125 2311 &
1142 2258 1191 2325 a,
1224 2235 1311 2314 licet·
1339 2233 1627 2312 transcendenter
1646 2232 1758 2334 saepe,
1790 2257 1843 2310 err
1871 2231 1957 2332 sup·

551 2350 674 2454 positis
690 2367 811 2428 umen
831 2352 1078 2454 quadraturis,
1107 2377 1265 2454 cumque
1283 2351 1427 2430 aliunde
1446 2351 1624 2432 habeatur
1635 2355 1767 2434 iterum
1784 2349 1838 2454 dy
1855 2348 1950 2437 :dra
2089 2345 2090 2396 ³

552 2493 599 2549 eo
617 2467 695 2571 ipso
719 2469 822 2570 quod
837 2489 986 2571 tangens
1007 2471 1229 2573 Synchronae
1239 2472 1411 2574 quaeritur
1434 2469 1599 2571 parallela
1621 2469 1722 2547 retlae
1752 2469 1865 2566 datae3
1890 2469 1958 2546 lm
2089 2459 2090 2504 ³

552 2589 697 2666 hebitur
720 2586 821 2664 valor
842 2588 947 2689 ipfius
973 2587 1025 2694 dy
1041 2619 1056 2661 :·
1076 2587 1137 2669 dx
1163 2590 1246 2682 bis,¹
1272 2587 1374 2689 quod
1393 2587 1608 2683 detemrinat
1625 2586 1736 2688 ipsam
1753 2607 1810 2676 x,
1833 2587 1954 2665 adeo.

491 2733 493 2744 ¹
553 2729 625 2808 que
650 2705 826 2812 punllum
856 2705 1110 2808 Synchronae,¹
1136 2705 1329 2807 &semper
1350 2704 1425 2788 hoc
1450 2704 1531 2785 casu
1553 2709 1707 2786 inveniri
1735 2706 1855 2806 potest
1878 2705 1957 2784 hoc

550 2823 730 2925 punllum
752 2823 1172 2906 intersetlioneduarum
1193 2825 1393 2912 linearum,
1426 2847 1472 2902 ex
1506 2826 1637 2926 quibus
1673 2825 1717 2902 ad
1754 2825 1946 2902 nmmum

550 2965 623 3026 una
660 2941 713 3018 estv
738 2941 1020 3030 transcendens,
1043 2940 1079 3021 fi,
1100 2965 1185 3026 nou
1209 2941 1345 3031 ambas,
1378 2945 1522 3043 quoties
1552 2965 1689 3042 nempe
1712 2941 1814 3018 valor
1834 2939 1945 3041 ipsius

549 3057 627 3168 dy:
654 3055 718 3134 dx
748 3059 797 3138 est
825 3059 1094 3142 transcendens,
1145 3056 1315 3161 Agnosco
1342 3061 1487 3139 haterim
1519 3084 1587 3138 nos
1623 3059 1669 3138 ad
1696 3059 1946 3162 Synchronam

550 3175 752 3260 ducendam
778 3202 857 3255 non
877 3176 943 3254 else
971 3179 1151 3278 obligatos
1166 3237 1187 3268 ,.
1212 3180 1261 3260 δι,
1284 3177 1435 3279 ειιιρΓιε
1465 3202 1530 3278 ρει
1553 3179 1587 3256 se
1609 3176 1712 3256 lineis
1736 3175 1951 3258 adhucbre-

548 3299 627 3376 vius
651 3321 729 3372 eam
749 3296 881 3372 lineam
910 3293 1008 3398 polle
1032 3297 1156 3398 eligi,
1182 3321 1269 3398 quu-
1292 3297 1348 3374 est.
1368 3294 1559 3374 brevissimi
1586 3293 1764 3404 appulsus.
1834 3295 1957 3374 Nem·

547 3437 619 3516 pe,
639 3411 786 3492 assumta
810 3414 913 3519 linea¹
932 3439 978 3492 ex
995 3413 1111 3516 specie
1133 3415 1222 3495 datis
1249 3417 1456 3494 communis
1472 3416 1569 3494 initii
1595 3433 1835 3517 quacunque,
1859 3413 1956 3493 sem.
2003 3459 2007 3464 -

547 3519 612 3632 per
632 3532 860 3611 determinari
882 3533 1016 3633 potest,
1035 3558 1144 3637 quarn
1167 3536 1204 3609 in
1218 3535 1348 3634 quovis
1361 3536 1436 3631 eius
1449 3535 1586 3634 pundo
1598 3533 1693 3610 ralla
1712 3533 1880 3632 adquam
1898 3532 1958 3610 ibi.
2090 3587 2091 3624 ,

459 3657 462 3664 ’
548 3647 731 3728 celerrime
743 3649 965 3756 appellitur,¹
989 3649 1262 3738 inclinationem
1284 3649 1431 3739 habeat,
1465 3649 1524 3728 seu
1545 3651 1722 3751 angtdum
1739 3649 1846 3728 saciat
1861 3673 1949 3728 cum

546 3765 760 3858 horizonte,
793 3766 819 3842 fi
844 3765 980 3867 placet,
1013 3769 1072 3846 vel
1088 3768 1143 3847 ad.
1156 3767 1289 3846 reslam
1320 3767 1439 3848 datam
1461 3766 1489 3850 fi
1508 3771 1641 3851 mavis..
1702 3765 1870 3867 Eligatur
1893 3791 1960 3844 er-.
2090 3745 2091 3832 Ϊ

548 3907 599 3984 go
617 3883 706 3961 illud
728 3884 904 3985 punstum
926 3908 1043 3966 curvae
1065 3881 1252 3979 assumtae,
1275 3889 1313 3964 in
1335 3910 1419 3987 quo,
1436 3885 1606 3974 retlaad
1622 3909 1732 3988 quam
1759 3888 1810 3963 ibi
1838 3885 1960 3964 celer-.
2090 3971 2091 3976 4

546 4003 638 4078 rime
676 4001 885 4102 appellitur,
918 4001 960 4082 fil
978 4003 1142 4104 parallelo
1165 4002 1268 4084 sellae
1301 4003 1414 4086 datae..
1463 4004 1566 4099 Quo«
1599 4005 1724 4093 fano,
1761 4005 1856 4086 retra
1882 4025 1959 4106 per·
2090 4051 2091 4118 l

548 4116 622 4202 hoc
644 4119 844 4218 punitum,
878 4124 1003 4222 &per
1028 4125 1204 4222 punctum
1223 4125 1433 4203 ,communis
1459 4124 1561 4200 mitit
1590 4122 1731 4222 trajecta
1778 4137 1957 4206 occurret:

548 4236 651 4322 rettae
680 4234 768 4336 datae
797 4235 939 4338 inipso
971 4241 1107 4338 puntlo
1147 4239 1324 4318 celerrimi
1366 4239 1423 4322 ad.
1451 4240 1579 4342 ipsum.
1599 4239 1793 4344 appulsus,
1840 4243 1959 4320 adeo--

548 4377 627 4471 ψει
646 4352 835 4444 habebitur
855 4355 892 4440 ἃ
910 4357 1097 4466 puttam.
1111 4357 1212 4444 mea
1233 4355 1410 4443 celerrimi
1432 4358 1597 4468 appulsus
1619 4357 1771 4466 quaesitae
1789 4385 1814 4461 33
1850 4359 1959 4557 updg

1875 4503 1912 4585 Ἦ
2031 4529 2035 4536 .
