4266 5534
909 73 1023 100 ‘’aa''
1040 57 1137 88 ‘'aq—nfi-
1187 77 1228 86 ,νι

252 321 1083 423 carrurrrr'rrurnnoucrrn
1118 337 1449 412 erisnxxvu.
1505 349 1573 426 163

179 483 286 564 vilica
313 489 490 564 continuo
512 483 555 564 lit
578 489 618 562 in
639 487 799 574 arrone,
829 511 907 563 non
929 491 1180 586 interruptim,
1213 513 1281 566 nec
1303 513 1366 588 per
1389 487 1570 566 intervalla
1627 477 1724 556 1696

177 606 381 702 temporis,
412 603 500 704 quid
521 601 674 702 impedit
702 607 895 703 quominus
924 627 1032 702 grave
1062 629 1140 680 eam
1164 605 1340 684 astionem
1375 605 1510 705 semper
1532 607 1570 685 dc
1613 569 1715 694 Μ
1862 609 1868 614 '

180 722 328 820 ubique.
343 719 565 819 persentiscat
586 716 648 820 [sr
665 721 798 798 sentire
813 719 972 821 potest]
1003 720 1152 819 Ignosce
1174 723 1324 820 prolixo
1342 721 1431 800 mihi
1449 779 1459 808 ,
1492 743 1569 800 nou

181 837 376 914 credebam
396 851 456 914 tot
470 837 524 913 de·
538 837 611 914 hoc
633 839 739 915 verba
764 838 899 930 sacere;
929 841 1012 937 quia
1041 851 1161 916 autem
1184 840 1227 914 ab
1264 841 1369 915 initio
1394 838 1568 918 declaravi

183 976 246 1030 me
267 965 385 1030 meam
405 955 641 1052 opinionem,
673 953 777 1030 velsr
804 958 936 1041 mavis,
971 953 1172 1053 explicandi
1195 954 1349 1032 modum
1373 957 1464 1032 circa
1495 957 1581 1032 ori.¹

184 1073 311 1170 ginem
331 1073 502 1167 potentiae
519 1071 687 1168 grauibus⁴
704 1068 875 1166 impressae
907 1070 1111 1170 suupliciter
1137 1070 1413 1170 expositurum,
1445 1087 1486 1148 ut
1514 1075 1568 1148 in-

186 1175 374 1286 posterum
400 1185 686 1264 altercationibus
715 1185 935 1286 supersedere
966 1187 1164 1287 possimus3
1197 1189 1285 1268 Non
1315 1213 1409 1288 agre
1444 1189 1567 1274 seres,

188 1302 295 1402 quod¹
315 1301 411 1404 sorte
441 1302 586 1402 longius
607 1329 627 1380 a
652 1303 790 1380 calamo
810 1302 1054 1402 scripturiente
1083 1309 1250 1404 abreptus
1274 1306 1427 1391 fuerim,
1461 1323 1569 1406 quant

186 1415 366 1505 fecissem,
399 1417 425 1494 sr
454 1423 631 1520 patientiae
655 1419 747 1496 Tuae
771 1423 862 1496 inter
890 1421 1116 1498 scribendum
1138 1425 1313 1499 rationem
1336 1421 1538 1502 habuissem.
1581 1499 1583 1504 ,
1717 1443 1719 1448 ·

248 1535 450 1635 Antiquam
484 1537 578 1614 hane
604 1539 788 1612 materiam
822 1539 977 1614 omnino
1015 1537 1199 1624 deseram,
1240 1537 1452 1616 dillimulare
1492 1563 1570 1616 non

104 1682 111 1694 ·
188 1648 356 1752 possum,
389 1651 492 1752 quod
507 1676 584 1754 quo
611 1656 778 1730 artemius
796 1651 962 1730 haetenus
981 1653 1071 1730 diua
1095 1653 1301 1742 confidem,
1334 1680 1379 1730 eo
1400 1659 1511 1754 magis
1532 1661 1570 1732 in

189 1791 271 1850 mea
293 1771 467 1866 opinione
488 1767 692 1848 confirmor.
754 1769 1033 1858 Commodum,
1075 1771 1148 1851 hoc
1175 1771 1250 1870 ipso
1284 1774 1447 1858 instanti,
1480 1769 1582 1848 mihi'·
1693 1851 1695 1856 ,

189 1884 319 1960 incidit
340 1884 477 1964 limile:
511 1887 690 1988 Concipio
713 1887 860 1989 aliquod
883 1887 1042 1966 medium
1070 1889 1277 1966 iustrurium
1305 1887 1449 1966 infinitis
1471 1889 1586 1988 spiris.

192 2000 361 2090 classicis,
392 2004 450 2084 vel
480 2006 555 2084 aliie
582 2005 712 2085 clastris
731 2031 831 2107 aeque
850 1997 1002 2083 sortibus
1022 2005 1203 2106 aequaliter
1227 2003 1481 2092 disseminatis,
1512 2005 1570 2080 rel

194 2119 331 2218 [quod
347 2123 511 2233 praestat]
530 2122 735 2201 immudiate
757 2127 857 2221 juxta
877 2122 913 2198 se
939 2121 1077 2220 posuis;
1107 2122 1174 2200 Ista
1198 2121 1317 2200 clastra
1339 2123 1400 2198 tali
1419 2120 1569 2198 artificio

191 2223 289 2316 tensa
316 2236 507 2338 suppono,
540 2253 581 2318 ut
601 2239 646 2318 ad
669 2239 856 2339 appulsum
875 2239 1023 2338 alicujus
1045 2243 1205 2338 corporis
1224 2263 1243 2314 a
1265 2239 1463 2316 retinaculo
1483 2239 1572 2316 libe·
1711 2246 1716 2252 ’

190 2367 344 2442 rentur,
378 2355 416 2430 dr
442 2353 559 2434 subito
576 2356 754 2445 resiliant,
782 2355 955 2455 simulque
976 2361 1050 2432 vim
1070 2356 1137 2434 suae
1159 2356 1370 2434 elasticitatis·
1393 2359 1570 2454 integram

192 2473 341 2569 corpori
370 2471 562 2570 appellanti
594 2477 775 2561 tribuant,
808 2471 909 2572 quod
938 2467 1038 2548 facile
1057 2473 1201 2570 concipi
1231 2473 1368 2571 potest,
1401 2469 1428 2546 fi
1454 2471 1569 2548 modo
1630 2501 1639 2510 “

193 2583 362 2666 statuatur
386 2588 549 2666 elastrum
578 2589 902 2688 incomparabiliter
926 2588 1074 2666 celerius
1109 2589 1266 2676 restitui,
1299 2612 1408 2688 quarn
1438 2611 1570 2686 corpus

190 2717 370 2782 movetur.
430 2704 564 2792 Nunc,
594 2708 633 2782 in
659 2707 726 2782 isto
748 2705 893 2793 medio,
936 2709 1105 2804 concipio
1131 2729 1261 2804 corpus
1286 2703 1433 2804 aliquod
1456 2729 1475 2782 a
1504 2708 1572 2780 mi-

190 2820 290 2902 nima
306 2823 363 2906 vi,
395 2840 465 2921 qua
493 2841 624 2922 nempe
644 2821 757 2921 pollet
785 2845 900 2901 unum
930 2822 1118 2910 clastrum,
1149 2824 1289 2900 moveri
1314 2823 1493 2920 incipere;
1523 2819 1572 2896 src

189 2947 328 3014 retenta
355 2939 393 3012 vi
423 2940 531 3036 primi
550 2939 665 3016 elasiri
685 2939 919 3038 progrediens
939 2939 1091 3018 offendit
1120 2937 1336 3042 secundum„
1369 2940 1469 3033 cujus
1495 2941 1571 3014 vim

94 3097 101 3106 ·
189 3055 324 3151 pariter
345 3054 495 3152 recipit3
525 3057 645 3153 postea
666 3061 809 3134 retentis
830 3056 978 3150 duobus¹
1000 3059 1130 3132 virium
1155 3056 1352 3154 gradibus,
1385 3051 1571 3153 progressu

189 3166 259 3244 suo
275 3170 403 3268 accipit
425 3176 592 3258 tertium,
621 3185 710 3250 tunc
726 3186 916 3273 quartum,
948 3176 1136 3273 quintum,
1168 3172 1325 3258 sextum,
1357 3172 1425 3245 &c
1443 3173 1480 3246 δε
1494 3171 1572 3269 qui-

153 3353 162 3370 „
191 3283 282 3364 dem
300 3285 340 3362 hi
364 3285 494 3384 gradus
518 3291 648 3366 virium
677 3312 723 3366 ex
749 3289 875 3389 equali
896 3289 1106 3377 intervallo,
1140 3312 1216 3366 non
1245 3284 1568 3386 tempusculorum,

192 3399 255 3478 sed
283 3401 517 3501 spatiolorum
544 3405 830 3504 superaccedunt·
888 3406 988 3486 Dico
1017 3405 1091 3486 hoc
1116 3428 1245 3502 corpus
1275 3406 1313 3478 in
1352 3403 1419 3478 isto
1449 3401 1571 3480 medio

195 3517 433 3596 nihilominus
451 3519 646 3602 secuudum
672 3537 836 3620 tempora
865 3522 1092 3618 uniformiter
1125 3520 1339 3605 accelerari,
1371 3519 1500 3606 idest,
1534 3545 1574 3596 ea

197 3633 303 3732 lege,
335 3659 405 3736 qua
423 3634 522 3714 Gen
535 3663 682 3716 mnus
704 3662 812 3737 grave
837 3638 999 3716 cadendo
1022 3637 1213 3715 accelerare
1240 3634 1401 3728 asseruit3
1419 3636 1457 3712 id
1475 3635 1576 3736 quod

197 3775 244 3834 ex
268 3751 570 3830 demonstratione
590 3753 764 3854 superiori
790 3755 989 3833 luculenter
1015 3768 1168 3855 apparet.
1228 3753 1459 3840 intantum,
1492 3771 1532 3832 ut
1550 3749 1578 3828 ii

197 3867 292 3950 nous
319 3872 504 3948 materiam
523 3869 755 3970 gravisicem,
777 3873 875 3967 juxta
895 3881 1012 3950 meam
1032 3868 1259 3972 hypothesim
1278 3872 1436 3968 operari,
1459 3883 1579 3946 tamen

198 3986 319 4065 dicere
338 3989 511 4074 tenearis,
544 3986 642 4066 illam
665 3990 714 4066 ita
737 3990 876 4092 operari
902 3983 1062 4086 possibile
1081 3982 1173 4070 esse,
1206 3985 1297 4064 salva
1321 3999 1487 4063 manente
1500 3988 1580 4064 uni-

195 4101 379 4183 formitate
408 4103 671 4182 accelerationir
697 4126 761 4204 per
780 4103 946 4202 tempora
969 4101 1134 4203 aqualia,
1167 4101 1374 4201 nullamque
1404 4107 1581 4180 rationem

195 4241 385 4317 apparere,
418 4239 483 4296 cur
508 4223 711 4298 communis
738 4219 940 4318 explicandi
963 4217 1122 4310 modus,
1154 4223 1217 4322 qui
1238 4221 1276 4296 δι
1298 4218 1400 4296 Tuus
1424 4221 1504 4308 est,
1531 4219 1581 4295 al-

201 4336 271 4410 teri
294 4355 378 4410 meo
403 4331 445 4411 srt
463 4335 726 4434 praeferendum
764 4357 849 4412 curn
873 4334 951 4412 satis
973 4335 1077 4435 supra
1104 4335 1342 4423 ostenderim,
1375 4357 1449 4434 quo
1466 4335 1583 4412 modo

202 4445 281 4528 fieri
302 4445 432 4548 poffiss
462 4465 503 4530 ut
517 4453 693 4556 porticula
712 4454 868 4540 materia
885 4452 1061 4556 gramma
1083 4466 1199 4538 totam
1221 4451 1320 4535 suam
1342 4453 1418 4534 viru
1441 4449 1589 4532 mnase-

523 4577 528 4584 ’
926 4568 969 4652 Χ
1030 4591 1053 4654 2
1532 4576 1588 4666 ‚nt
1669 4601 1672 4608 ·
