4184 5526
532 343 604 428 376
703 337 1201 428 conuenerunt
1255 341 1786 432 rerrrorrourr,

391 507 485 590 1698
530 484 677 565 existere
701 513 810 590 quam
829 488 963 584 alium3
997 488 1170 592 quicquid
1188 492 1286 568 enim
1306 490 1424 570 afferri
1442 495 1584 595 potest,
1617 491 1707 570 illud
1725 493 1935 594 applicabile
2057 475 2058 480 Ν

393 603 462 704 Jul.
531 607 628 686 soret
648 606 692 684 ad
712 611 874 709 quemvis
895 602 1007 686 alium
1028 607 1191 706 gradum.
1213 605 1217 616 '
1254 608 1306 688 lta
1321 609 1365 700 ll,
1386 611 1543 712 exempli
1567 613 1698 710 gratia,
1732 615 1937 712 concipiam

532 729 571 802 in
593 724 748 825 globulo
776 737 880 802 aereo
902 724 1081 804 mundum
1107 725 1326 816 formatum,
1359 745 1475 830 partes
1501 729 1696 808 habentem
1719 729 1846 806 nostris
1869 728 1937 805 his-

495 926 504 936 „
530 867 573 922 ce
597 847 908 945 proportionatas,
941 842 1086 929 Solem,
1120 843 1265 934 Stellas,
1298 846 1479 937 Planum,
1511 845 1661 926 Terram
1683 871 1768 924 cum
1791 846 1860 948 suis
1882 851 1936 922 in-

499 1027 502 1034 .
532 960 640 1049 colis,
674 959 870 1062 omnesque
896 976 1035 1038 caeteras
1065 967 1276 1060 quantitates
1310 965 1435 1048 eadem
1464 968 1632 1061 ratione3
1673 988 1803 1064 nempe
1834 965 1937 1066 quod

532 1081 640 1158 nobis
659 1077 926 1179 ‘tempusculum
943 1081 1048 1158 unius
1079 1076 1224 1158 secundi
1257 1083 1325 1170 est,
1359 1083 1427 1160 illis
1464 1083 1560 1161 soret
1591 1083 1696 1160 series
1734 1085 1936 1160 multorum

533 1197 757 1285 seculorum,
794 1197 904 1274 &ita
928 1197 973 1274 de
994 1197 1078 1274 aliis.
1143 1200 1291 1278 Interim
1312 1199 1379 1277 hos
1407 1203 1573 1278 homines
1601 1199 1724 1278 iisdem
1746 1225 1937 1300 argumen-
1985 1187 1989 1196 ’
2059 1211 2060 1266 ὲ

531 1320 578 1392 tis
610 1319 663 1392 uti
690 1311 787 1414 polle
816 1315 860 1390 ad
888 1317 1096 1418 probandos
1126 1318 1158 1394 se
1179 1317 1272 1396 solos
1293 1315 1377 1406 esse,
1407 1318 1511 1398 suum
1543 1320 1723 1398 mundum
1754 1317 1936 1396 infinitum

534 1431 625 1520 elle,
657 1433 748 1508 nihil
773 1449 870 1509 extra
893 1434 925 1508 se
956 1435 1110 1511 existere.
1174 1435 1244 1512 Sed
1273 1437 1479 1536 abrumpo,
1527 1437 1646 1537 plures
1674 1438 1814 1538 paginae
1847 1435 1936 1510 mihi

537 1576 616 1630 non
639 1549 861 1637 sufficerent,
894 1549 920 1626 sr
943 1551 1064 1628 deliria
1088 1579 1167 1630 mea
1185 1552 1323 1640 suavia,
1358 1551 1490 1654 quibus
1517 1553 1700 1632 interdum
1729 1577 1793 1654 per
1819 1552 1936 1630 inlini·
2060 1637 2061 1644 Ν

535 1685 624 1748 tates
664 1657 944 1756 illas'velificor,
987 1669 1047 1746 hic
1086 1669 1209 1748 omnia
1231 1671 1410 1748 recensere
1439 1671 1578 1749 vellem.
1635 1672 1783 1752 Cavebo
1816 1686 1934 1748 tamen

398 1781 424 1872 ’,
536 1787 646 1874 mihi,
679 1809 725 1862 ne
750 1786 831 1864 talia
850 1801 995 1885 tangam
1018 1788 1114 1887 apud
1142 1788 1357 1888 Theologos
1393 1789 1567 1892 quosdam
1597 1790 1705 1890 huius
1737 1787 1934 1876 Civitatis,

536 1909 703 1984 omnium
724 1903 835 1981 libere
856 1903 1188 2005 philosophantium
1210 1906 1328 1984 osores
1355 1933 1365 2002 ;
1399 1907 1495 1988 haud
1520 1907 1629 1986 dubie
1661 1932 1722 1984 me
1742 1905 1787 1982 ad
1803 1929 1935 2004 rogum

535 2023 769 2121 ablegarent,
801 2019 967 2098 litantes
992 2023 1135 2099 hareses
1163 2023 1183 2100 a
1210 2049 1269 2102 me
1293 2025 1488 2102 audirent:
1524 2041 1566 2104 ut
1590 2049 1707 2126 nuper
1740 2025 1815 2102 fere
1848 2023 1936 2099 milri

534 2141 665 2218 accidit
692 2139 730 2216 in
769 2137 1022 2242 Disputatione
1047 2139 1296 2245 Philosophiea
1333 2141 1478 2244 publice
1511 2143 1679 2222 ventilata
1710 2168 1721 2236 ;
1760 2143 1936 2220 obicum

533 2257 736 2342 incidenter
766 2257 914 2359 quaestio
950 2273 1156 2337 moveretur
1193 2261 1238 2338 de
1274 2261 1364 2340 statu
1395 2284 1593 2363 corporum
1622 2267 1831 2338 nostrorum
1856 2259 1933 2358 post

536 2373 860 2464 resurreslionem,
896 2378 932 2452 &
967 2402 1037 2477 ego
1071 2378 1266 2462 dicerem,
1314 2379 1444 2456 eodem
1478 2403 1634 2457 numero
1667 2401 1825 2477 corpora
1861 2400 1933 2452 non

539 2494 800 2582 resurrettura,
843 2497 926 2595 quia
945 2483 1095 2574 durant‘e
1116 2501 1187 2572 vita
1207 2494 1353 2596 singulis
1373 2499 1566 2574 momentis
1580 2495 1799 2586 alterentur,
1831 2499 1936 2572 itaut

531 2611 631 2692 sorte
652 2611 795 2711 Corpus
815 2613 979 2690 nostrum
998 2619 1184 2692 minimam
1204 2641 1301 2692 nunc
1326 2629 1464 2714 partem
1481 2615 1678 2692 substantia
1699 2613 1827 2689 habeat
1851 2616 1934 2710 ejus,

537 2755 647 2830 quam
680 2745 760 2804 ante
792 2755 927 2808 aunum
954 2731 1116 2826 habuit;
1148 2732 1245 2810 unde
1277 2731 1491 2833 impossibile
1524 2729 1591 2808 else
1621 2757 1689 2824 nos
1728 2729 1937 2808 resumestu-

535 2865 631 2936 ros,
665 2871 750 2928 cum
780 2849 884 2922 omni
909 2847 968 2928 illa
1002 2848 1216 2938 substantia,
1250 2875 1330 2950 quae
1356 2849 1477 2939 olim,
1515 2847 1739 2934 successive,
1774 2848 1938 2940 nostrum

537 2985 669 3064 corpus
721 2964 999 3063 composuerit3
1054 2967 1118 3045 nisr
1158 2967 1309 3045 uelimus
1357 2967 1505 3046 statuere
1543 2967 1758 3066 Giganteam
1800 2963 1938 3042 molem

537 3097 627 3160 tunc
654 3105 722 3158 nos
748 3081 942 3162 habituros.
1004 3084 1106 3181 Quid
1141 3101 1261 3163 autem
1296 3084 1365 3163 lit!
1391 3085 1632 3164 ·Pastorculus
1663 3083 1843 3186 quidam,
1880 3084 1940 3160 cui

538 3223 614 3282 vox
631 3201 680 3278 est
698 3215 936 3304 praetereaque
960 3202 1073 3292 nihil,
1108 3205 1216 3280 bruto
1235 3201 1317 3280 zelo
1342 3207 1544 3291 animatus,
1577 3200 1696 3280 subito
1731 3215 1859 3278 contra
1879 3223 1939 3276 me

538 3317 739 3417 insurgere,
771 3341 961 3422 meamque
980 3321 1189 3426 sententiam
1212 3323 1376 3421 protinus
1402 3311 1606 3408 criminari,
1640 3321 1844 3418 exagitare,
1879 3339 1941 3392 ex-

535 3435 715 3538 plodere,
745 3435 783 3511 &
804 3453 845 3514 ut
866 3433 1095 3517 Orthodoxae
1117 3437 1300 3538 Religioni
1329 3437 1569 3518 adversantem
1589 3437 1759 3514 damnare
1786 3437 1824 3511 dt
1858 3457 1938 3510 exe-

537 3555 647 3647 crari3
677 3567 845 3652 preterea
863 3557 902 3630 in
923 3555 1162 3657 Philosophus
1180 3571 1371 3638 novatores
1396 3553 1481 3659 [ut
1502 3561 1646 3647 vocat]
1684 3567 1758 3631 tam
1789 3557 1935 3655 inepte,

502 3741 511 3756 ,,
539 3685 613 3748 tam
634 3667 760 3747 insulse
779 3671 1009 3772 debacchari,
1043 3691 1084 3752 ut
1107 3673 1212 3750 illum
1235 3673 1493 3774 phreneticum
1513 3675 1645 3750 catenis
1673 3670 1862 3770 ligandum
1885 3669 1937 3744 di-

539 3784 660 3874 xilses,
692 3785 718 3862 fi
741 3785 887 3866 vidisses.
949 3789 1030 3870 Nec
1053 3793 1127 3868 hoc
1144 3787 1290 3880 sufficit,
1325 3791 1463 3868 Urbem
1488 3805 1602 3868 totam
1623 3811 1769 3866 rumore
1787 3785 1935 3887 implet,

539 3928 599 3984 me
618 3901 947 3997 elleSocinianum,
980 3933 1040 3986 me
1058 3909 1188 3988 docere
1208 3933 1341 3986 novam
1360 3910 1577 3986 creationem
1603 3929 1787 3983 novorum
1807 3927 1938 4007 corpo-

539 4045 622 4099 rum
641 4023 679 4096 in
702 4020 994 4117 Resurreurone,
1028 4029 1065 4105 te
1089 4024 1207 4104 nescio
1232 4041 1323 4126 quot
1342 4025 1424 4104 alias
1443 4024 1593 4125 ineptias
1620 4023 1712 4101 mihi
1741 4025 1896 4122 imputat
1924 4077 1936 4110 ,

540 4161 621 4242 qua
655 4161 840 4238 nunquam
861 4148 899 4219 in
918 4159 1078 4222 mentem
1096 4145 1187 4224 mihi
1209 4161 1406 4229 venenmte
1439 4143 1583 4244 reliquis
1604 4142 1749 4219 interim
1775 4138 1940 4217 Theolo-

542 4255 664 4357 gastris
677 4256 839 4358 undique
858 4265 1176 4350 concurrentibus,
1201 4261 1306 4362 seque
1322 4277 1451 4340 mutuo
1472 4257 1622 4338 fideliter
1640 4257 1935 4337 succurrentibus.

542 4375 776 4476 Subsequenti
795 4373 1017 4464 Dominica,
1050 4377 1232 4480 suggestus·
1255 4403 1382 4456 omnes
1402 4377 1447 4457 ad
1477 4377 1662 4478 Populum
1689 4375 1932 4460 resonabant,
1957 4435 1962 4443 .

541 4495 743 4575 intonantes
769 4493 989 4579 horribiliter
1009 4494 1382 4600 contraPhilolopbos
1399 4495 1598 4578 seducores
1616 4491 1780 4574 studiosa
1803 4491 1936 4626 juven-

1830 4624 1934 4697 tutlS,
2061 4649 2063 4744 1
