4184 5526
565 301 635 372 390
734 277 1820 382 COMMERCNJMariowaldum,-

405 451 504 531 ⁴698
564 431 687 507 dentes
723 428 908 522 dividitur.
968 425 1006 504 Si
1040 449 1127 502 vero
1154 447 1285 524 corpus
1309 447 1355 500 ex
1396 421 1542 500 infinitis
1575 427 1789 506 monadibus
1827 424 1962 506 confla-

381 539 515 636 August·
564 564 644 627 tum
678 546 795 640 dicas;
842 561 931 622 tunc
963 544 1187 644 quamlibet,
1218 559 1279 620 aut
1312 542 1477 630 extenso,
1509 556 1570 619 aut
1600 568 1678 620 nou
1708 544 1854 622 extenso
1884 545 1962 620 sore

563 662 806 763 affigendam:
839 662 865 737 s1
883 662 1051 745 extenso,
1083 660 1169 738 lieet
1193 659 1330 754 infinite
1350 683 1487 759 parvo,
1520 663 1679 759 priorem
1698 686 1879 740 recurrere
1895 659 1961 736 dif-

555 774 783 867 ficultatem,
817 778 881 856 nisi
903 780 947 855 ad
967 794 1109 868 atomos
1132 777 1295 876 refugere
1315 775 1423 871 velis3
1454 775 1480 852 ii
1503 800 1578 854 non
1598 778 1766 868 extenso,
1805 803 1896 879 ergo
1908 780 1963 852 ni-

563 897 662 987 hilo,
696 901 779 998 quia
810 921 855 974 ex
878 922 954 974 non
978 894 1126 972 extensas
1152 918 1229 970 non
1254 885 1431 992 componi
1455 893 1572 994 potest
1605 895 1811 990 extensum3
1842 899 1893 972 ita
1920 908 1962 972 ut

561 1017 655 1092 forte
679 1015 818 1112 cogaris
843 1011 960 1090 dicere
986 1011 1175 1112 quodlibet
1219 1013 1382 1112 corporis
1413 1011 1589 1110 punitum
1626 1009 1754 1114 [dico
1784 1013 1960 1112 puntium

562 1131 855 1210 mathematicum
881 1127 1137 1230 indivisibile]
1171 1129 1341 1230 peculiari
1366 1128 1544 1215 monade,
1576 1126 1642 1204 seu⁸
1664 1129 1723 1206 tali
1748 1133 1868 1206 anima
1894 1129 1959 1206 do-

560 1262 685 1328 natum
710 1245 785 1324 elle.
847 1247 1037 1342 Quantum
1057 1246 1102 1324 ad
1128 1249 1201 1323 vim
1224 1245 1417 1333 elasticam,
1451 1244 1593 1324 Tecum
1624 1243 1758 1334 sentio,
1791 1271 1861 1324 nec
1887 1245 1959 1322 for-

561 1390 642 1455 ma,
666 1389 743 1448 nec
764 1366 905 1452 anima,
937 1389 1006 1441 nec
1031 1364 1155 1472 spiritu
1181 1387 1274 1464 opus
1305 1359 1396 1448 else,
1429 1375 1471 1439 ut
1491 1361 1550 1438 illa
1566 1365 1714 1462 corpori
1730 1361 1772 1439 lit
1798 1360 1955 1441 esseutia-
2073 1459 2074 1464 Ν

563 1484 634 1578 lis;
667 1480 871 1570 rettiffime,
902 1505 1057 1582 namque
1082 1480 1172 1556 mihi
1200 1481 1318 1557 dicere
1337 1477 1488 1566 videris,
1514 1503 1592 1554 eam
1615 1503 1661 1554 ex
1692 1465 1953 1568 mechanismh,

560 1598 620 1678 seu
645 1600 814 1676 oruoura
850 1597 1238 1698 corporisdependere
1256 1591 1379 1698 polle:
1413 1593 1724 1702 quemadmodum
1754 1619 1832 1673 non
1865 1621 1955 1697 opus

563 1719 613 1792 est
636 1718 780 1801 anima,
813 1730 854 1792 ut
881 1715 955 1792 duo
989 1729 1172 1814 magnetes
1206 1713 1240 1788 se
1266 1728 1397 1789 mutuo
1430 1711 1627 1800 attrahant,
1660 1712 1719 1788 vel
1755 1713 1951 1813 repellant:

560 1831 605 1913 Et
629 1857 699 1932 ego
719 1832 798 1908 lane
816 1832 939 1932 saepius
962 1833 1141 1930 cogitavi,
1174 1853 1296 1906 annon
1316 1829 1506 1929 quodlibet
1534 1823 1813 1929 corpusculum,
1849 1855 1953 1932 quau-

559 1953 692 2028 tumvis
725 1951 923 2049 exiguum,
950 1951 998 2024 ita
1018 1975 1037 2025 a
1056 1945 1141 2024 Deo
1161 1945 1203 2022 fit
1228 1947 1490 2034 construdum,
1523 1961 1565 2023 ut
1589 1970 1657 2047 pro
1685 1949 1825 2023 ratione
1854 1947 1953 2024 molb
2073 1941 2074 2010 Ῠ

558 2067 657 2154 suae,
692 2079 824 2143 certam
845 2064 970 2142 habeat
992 2067 1135 2168 copiam
1169 2066 1322 2140 materiae
1340 2061 1451 2161 longe
1477 2058 1690 2150 subtilioris,
1724 2063 1817 2142 circa
1841 2061 1955 2152 sm&

558 2207 623 2286 per
646 2183 679 2261 se
714 2183 890 2259 continuo
907 2265 911 2277 ,
925 2180 1166 2280 perlabentis,
1211 2177 1387 2280 ipsiusque
1424 2177 1520 2281 quali
1555 2178 1726 2280 sphaeram
1775 2182 1955 2258 adivitatis
2073 2217 2074 2222 ¹

562 2297 838 2379 constituentis:
883 2297 973 2376 Tale
1009 2297 1097 2399 quid
1132 2300 1238 2373 etiam
1272 2295 1566 2373 Newrouus
1602 2294 1751 2374 statuisse
1779 2298 1951 2385 videtur,
2073 2323 2074 2376 f

562 2417 707 2519 quando
735 2416 838 2493 illum
861 2415 978 2492 dicere
999 2415 1173 2501 memini,
1205 2416 1328 2490 omnia
1357 2415 1393 2489 &
1413 2411 1551 2513 fingula
1574 2437 1730 2514 corpora
1748 2418 1861 2492 totius
1878 2419 1958 2493 uni·
2073 2461 2074 2520 3

561 2531 650 2611 versa
674 2536 719 2610 in·
737 2533 771 2610 se
790 2548 919 2610 mutuo
941 2536 1139 2632 gravitate,
1171 2530 1230 2608 seu
1244 2528 1279 2606 se
1297 2543 1426 2608 mutuo
1450 2529 1643 2626 attrahere3
1675 2531 1766 2609 adeo
1779 2545 1822 2610 ut
1836 2555 1956 2610 meum
2073 2530 2074 2550 ¹

561 2674 716 2752 corpus,
743 2649 843 2725 uerbi
880 2647 1012 2747 gratia,
1045 2672 1122 2724 non
1148 2644 1260 2746 magis
1280 2645 1397 2725 versus
1422 2662 1586 2724 centrum
1619 2647 1741 2725 Terrae
1769 2649 1965 2739 trahatur,¹

561 2765 681 2872 habita
708 2768 845 2841 ratione
868 2763 1081 2852 vicinitatis,
1097 2788 1205 2863 quam
1225 2762 1342 2839 versus
1355 2777 1520 2840 centrum
1540 2761 1702 2853 Saturni,
1737 2763 1868 2844 aliusve
1883 2765 1956 2844 Pla*

561 2899 673 2970 netae,
706 2895 942 2982 praeterquam
970 2881 1071 2982 quod
1099 2904 1253 2960 vacuum
1274 2879 1465 2968 admittat,
1497 2879 1677 2960 Huoau
1692 2885 1955 2983 roapprobau·

560 3013 616 3088 te,
649 3013 691 3079 ut
714 3021 759 3074 ex
784 2995 1054 3078 Cosmotheoria
1078 2997 1162 3073 vida

618 3116 817 3217 Nunquam
841 3137 911 3212 ego
936 3114 1012 3190 dixi
1032 3112 1260 3190 indivisione
1284 3109 1437 3190 materiae
1461 3103 1507 3190 ad
1539 3103 1713 3194 elementa
1734 3109 1951 3205 insecabilia,

559 3247 620 3313 aut
643 3233 687 3310 ad
710 3233 874 3309 minimas
898 3233 1082 3330 portiones
1110 3230 1268 3306 deveniri
1295 3228 1419 3330 polle:
1452 3229 1512 3307 sed
1536 3231 1691 3309 hicnon
1713 3235 1763 3310 est
1795 3235 1951 3335 quaestio,

560 3349 746 3452 quousque
770 3371 841 3447 ego
874 3345 1064 3436 divisione,
1097 3347 1156 3427 seu
1178 3348 1321 3435 asinali,
1356 3346 1415 3426 seu
1438 3349 1584 3426 mentali
1605 3353 1793 3452 pervenire
1812 3348 1953 3451 pulsum

560 3468 729 3568 quaeritur
752 3464 936 3566 quousque
959 3469 1031 3564 lam
1064 3477 1276 3566 perventum
1313 3463 1383 3540 fiti
1423 3463 1601 3544 Concedis
1626 3467 1780 3545 materiae
1816 3471 1957 3567 portio*
2042 3499 2045 3511 ·

560 3608 646 3663 nem
674 3581 811 3658 finitam
828 3582 916 3658 'aliu
940 3584 1013 3678 jam
1039 3579 1184 3657 divisam
1218 3577 1283 3656 elle
1311 3585 1350 3656 in
1382 3596 1496 3680 partes
1518 3605 1675 3664 numero.
1708 3581 1887 3679 infinitas3
1920 3585 1957 3660 dt

560 3709 679 3776 tam‘en
702 3699 809 3798 negas
838 3697 994 3798 aliquam
1025 3691 1169 3776 istarum
1198 3698 1451 3798 particularum
1486 3697 1584 3798 polle
1621 3696 1688 3776 else
1720 3699 1858 3777 infinite
1884 3703 1958 3777 exi-
2073 3765 2074 3792 ,

445 3875 448 3881 .
559 3839 694 3914 guam:
728 3815 918 3916 quomodo
946 3815 1022 3893 haec
1039 3805 1251 3892 ¹cohaerent?
1281 3813 1441 3902 Nam,·sr
1462 3815 1559 3893 nulla
1578 3817 1627 3891 est
1651 3815 1789 3894 infinite
1805 3821 1954 3917 exigua3

484 3969 487 3975 ·
563 3937 651 4030 erg'o
678 3930 823 4034 smgulae
852 3932 934 4011 sunt
950 3931 1056 4010 finitae
1069 3959 1081 4029 3
1111 3931 1305 4032 srhngulae
1326 3931 1405 4009 sunt
1432 3929 1562 4019 linitae,
1595 3955 1684 4030 ergo
1703 3957 1830 4012 omnes
1850 3933 1955 4012 simul

561 4046 709 4146 sumptae
738 4051 953 4128 constituent
996 4050 1282 4150 magnitudinem
1317 4048 1521 4144 infinitam3
1554 4063 1680 4126 contra
1715 4049 1953 4154 hypothesim
2073 4039 2074 4048 Ν

483 4169 516 4190 ‘'
562 4161 726 4263 Concipe
748 4163 904 4264 aliquam
928 4168 1214 4266 magnitudinem
1239 4166 1508 4244 determinatam
1533 4166 1646 4246 dividi
1665 4167 1702 4244 in
1725 4184 1843 4270 partes
1867 4192 1956 4269 geo-

559 4331 708 4412 metrica
724 4329 792 4410 hac
817 4330 1061 4434 progreffioue
1082 4332 1330 4414 descendentes
1355 4299 1411 4471 -ἑ-
1443 4339 1491 4430 ·i-
1523 4299 1579 4486 {-
1609 4340 1658 4428 ÷
1688 4303 1745 4483 έ-
1774 4341 1824 4427 4·
1855 4301 1948 4469 T}

1908 4543 1957 4640 *lt
