4266 5534
554 321 622 398 188
722 309 1215 400 COMMERGIUM
1261 305 1789 394 uetsuoiicvu,

395 489 490 572 1696
545 462 678 540 ticum:
710 461 871 564 Oportet
899 475 1021 542 autem
1049 473 1092 540 ut
1120 459 1218 544 Tute
1243 457 1315 536 hoc
1346 481 1472 554 cures3
1503 462 1744 540 eternoacum
1772 453 1954 538 butani-

372 581 511 678 hugust.
545 580 599 657 hil
628 579 718 656 mihi
736 584 947 658 commercii
979 581 1053 668 est,
1086 577 1221 658 Auctor
1251 599 1338 654 vero
1367 569 1496 655 Diaerii
1526 567 1678 679 Pariſsni
1705 578 1799 656 adeo
1830 580 1952 657 nostra

546 697 753 797 vilipendit,
796 694 819 799 [
841 698 942 799 quod
973 695 1095 796 saepius
1125 709 1291 796 expertus
1306 769 1307 776 t
1320 691 1440 796 sum]
1462 709 1502 772 ut
1525 693 1642 772 forsan
1657 699 1832 774 terminus
1852 699 1952 795 prius

545 813 765 903 elaberetur,
799 813 1111 922 quamProblema
1135 813 1254 890 lucem
1283 811 1427 889 videret.
1491 812 1607 906 Quod
1639 811 1755 890 Dnus.
1791 813 1951 890 Mavo-

543 956 724 1010 rrauius
755 955 823 1010 nec
841 931 887 1010 ad
905 931 960 1009 Te
990 953 1058 1008 nec
1088 928 1136 1010 ad
1155 953 1214 1006 me
1231 929 1382 1007 verbulo
1414 932 1594 1030 attigerit,
1628 928 1757 1008 dubito
1779 929 1949 1006 anmenli

538 1043 649 1140 Iunio
679 1073 759 1126 mea
780 1047 908 1126 inserta
933 1045 1031 1136 fint,
1065 1046 1148 1124 licet
1178 1047 1282 1125 illum
1313 1050 1443 1124 iteratis
1474 1047 1612 1124 vicibus
1643 1047 1811 1124 instanter
1842 1071 1950 1145 roga-

540 1169 679 1255 verim,
712 1191 759 1242 ne
785 1167 830 1244 de
852 1167 1026 1244 brevitate
1050 1167 1195 1243 termini
1224 1188 1293 1265 pro
1316 1163 1494 1242 solutione
1524 1161 1761 1242 Problematis
1794 1163 1948 1240 concessi

539 1287 714 1383 conqueri
744 1281 862 1360 liceat.
924 1282 1086 1378 Quodsi
1108 1281 1217 1358 finem
1243 1281 1348 1378 hujus
1371 1284 1543 1380 temporis
1565 1281 1829 1380 expeslaveiis,
1868 1303 1946 1357 nou

539 1399 646 1476 video
673 1399 763 1502 quid
787 1399 963 1500 impediat
991 1401 1188 1499 quominus
1218 1397 1325 1476 altera
1356 1421 1435 1475 mea
1465 1397 1628 1476 solvendi
1651 1401 1730 1485 via,
1757 1406 1872 1498 'quani
1894 1397 1950 1472 di-

537 1515 671 1594 reliam
703 1540 823 1606 voco,
859 1515 964 1596 simul
985 1539 1070 1596 cum
1098 1519 1211 1616 priori
1243 1515 1394 1611 edatur3
1425 1529 1514 1597 tunc
1536 1519 1633 1592 enini
1662 1514 1737 1592 aliis
1766 1537 1843 1590 non
1873 1537 1946 1592 am·

536 1633 634 1735 plius
664 1647 745 1712 ante
769 1649 913 1736 tempus
938 1639 1033 1712 viam
1057 1635 1214 1733 aperiet,
1247 1632 1305 1710 sed
1337 1635 1428 1710 bene
1453 1633 1572 1712 lucerii
1598 1632 1768 1712 accendet
1786 1655 1856 1732 pro
1870 1630 1947 1708 aliis
2068 1651 2072 1659 '

537 1749 745 1846 hujusmodi
768 1751 1057 1852 inquisitionibus
1076 1751 1301 1827 instituendis
1320 1807 1330 1838 ,
1364 1753 1494 1850 quihus
1521 1738 1784 1828 Maximaerum
1802 1749 1838 1824 ἃ
1857 1739 1943 1826 Mi-

536 1869 720 1944 nimum
750 1867 944 1947 methodus
977 1865 1126 1944 mirifice
1148 1867 1294 1944 extendi
1319 1870 1464 1968 potest5
1496 1881 1536 1946 ut
1574 1865 1646 1968 ipse
1676 1865 1879 1966 agnosces,
1917 1863 1943 1942 u

537 1982 637 2060 illam
657 1984 768 2085 paulo
797 1987 953 2085 penitius
981 1983 1220 2084 contemplari
1249 1983 1377 2062 lubeat.
1440 1983 1544 2062 Adde
1575 1983 1675 2084 quod
1693 1987 1766 2082 jani
1791 1986 1829 2058 iii
1858 2005 1943 2082 pro-

414 2105 418 2112 '
534 2099 715 2201 politione
745 2101 980 2180 Problematis
1000 2103 1182 2180 innuerim
1205 2100 1348 2182 duobus
1378 2101 1521 2179 diversis
1551 2102 1670 2179 modis
1693 2125 1752 2178 me
1771 2099 1816 2178 ad
1848 2123 1944 2178 eani-

536 2217 622 2296 dem
651 2214 872 2298 solutionem
896 2216 1105 2321 pervenisse.
1166 2219 1269 2298 Tuus
1299 2219 1460 2299 solvendi
1490 2217 1622 2298 modus
1660 2217 1751 2296 nihil
1778 2219 1852 2295 fere
1889 2218 1943 2294 di-

535 2335 653 2414 versus
685 2338 734 2414 est
765 2361 784 2416 a
802 2361 885 2416 meo
907 2339 1045 2438 priori,
1079 2335 1320 2439 concipiendo
1339 2339 1435 2415 enim
1455 2339 1551 2413 viani
1568 2311 1774 2413 facillimam
1792 2361 1812 2412 a
1828 2359 1942 2435 punc-

536 2466 577 2530 to
608 2453 652 2530 ad
684 2453 857 2553 pandum
887 2479 953 2556 per
985 2455 1161 2556 punslum
1191 2453 1405 2555 quaesitum,
1449 2454 1521 2552 jam
1557 2453 1711 2530 involvis
1750 2452 1939 2531 Problema

535 2562 836 2660 Farmaetianum,
869 2572 1031 2673 illudque
1051 2571 1097 2648 de
1120 2595 1221 2649 novo
1248 2571 1417 2660 calculas,
1441 2570 1541 2674 quod
1572 2595 1592 2646 a
1622 2569 1902 2648 Faairario
1926 2629 1938 2658 ,

537 2684 708 2786 aliisque,
743 2691 781 2764 &
807 2714 827 2766 a
851 2687 1010 2788 Teipso
1035 2679 1122 2764 Aia
1160 2701 1278 2776 1682.
1300 2713 1334 2790 p.
1367 2702 1456 2778 186.
1488 2692 1561 2786 jam
1582 2685 1797 2768 calculatum
1828 2687 1936 2766 habe·

538 2825 642 2889 iiius,
676 2817 790 2903 atque,
813 2805 914 2906 quod
935 2829 1006 2904 ego
1043 2804 1220 2905 supposui

596 2917 700 2998 Dicis
724 2919 780 2997 Te
802 2919 1081 3010 mihi‘r'nittere‚
1115 2947 1196 3022 quae
1218 2915 1347 3002 Frater
1370 2948 1470 3004 meus
1497 2924 1609 3002 menfi
1637 2917 1732 3016 Iulio
1749 2922 1851 2999 inseri
1879 2947 1941 3002 cu-

538 3039 664 3124 ravit,
707 3035 768 3112 sed
812 3062 889 3114 non
919 3037 1062 3134 misisli3
1104 3039 1202 3118 haud
1234 3041 1343 3120 dubie
1374 3041 1549 3120 Schedam
1582 3042 1724 3122 Litteris
1756 3041 1941 3122 includere

540 3151 674 3230 oblitus
701 3177 757 3247 es3
789 3178 883 3254 rogo
922 3169 964 3234 ut
994 3155 1053 3234 illa
1076 3159 1194 3234 mittas
1224 3182 1309 3236 cuin
1339 3162 1505 3261 proxime
1534 3163 1604 3238 tuis
1634 3161 1771 3242 suturis.
1818 3160 1942 3254 Quam

539 3269 774 3370 proposuerat
800 3275 1038 3372 aequationem
1067 3273 1339 3352 differentialem
1372 3276 1579 3354 solvendam
1612 3277 1717 3379 plane
1743 3301 1821 3355 non
1854 3281 1941 3356 aelli·

540 3409 630 3480 mo;
662 3387 750 3486 quid
783 3391 880 3466 enim
912 3390 1047 3470 facilius
1079 3393 1129 3468 est
1162 3415 1272 3493 quam
1300 3391 1452 3470 infinitas
1487 3394 1694 3493 huiusmodi
1723 3399 1939 3496 aquationes

541 3505 766 3598 excogitare,
799 3530 886 3606 quas
908 3507 968 3584 ille
994 3511 1057 3610 qui
1077 3506 1153 3586 illas
1178 3509 1367 3609 proposuit
1388 3509 1525 3614 semper
1540 3513 1643 3590 nullo
1657 3514 1779 3591 labore
1801 3512 1934 3602 solvet,

541 3641 586 3694 eo
614 3619 714 3719 quod
734 3621 806 3720 ipse
831 3623 905 3702 illas
928 3649 992 3725 per
1012 3623 1201 3726 synthesim
1223 3630 1270 3703 ita
1292 3626 1516 3718 sormaverit,
1541 3631 1626 3708 loco
1649 3632 1750 3732 quod
1780 3630 1839 3708 alii
1866 3633 1940 3710 sor-

540 3733 599 3812 san
623 3759 697 3836 per·
715 3752 830 3816 totam
854 3743 963 3818 vitam
981 3744 1107 3832 frustra
1133 3743 1363 3842 insudarent.¹
1396 3747 1485 3824 Non
1504 3748 1601 3828 secus
1623 3773 1663 3828 ac
1684 3751 1799 3850 quivis
1821 3751 1860 3825 in
1877 3748 1936 3826 Al-

541 3853 650 3950 gebra
678 3853 779 3954 Tyro
796 3881 874 3934 non
898 3856 1088 3939 difficulter
1119 3865 1375 3961 aquationem,
1409 3864 1467 3941 vel
1493 3868 1624 3965 viginti
1650 3865 1936 3954 dimensionum,

541 3991 780 4070 componere,
814 3977 1016 4077 iterumque
1037 3977 1172 4056 solvere
1186 3981 1321 4079 potest,
1337 4005 1446 4082 quam
1469 3995 1589 4060 tamen
1612 3983 1855 4062 versatiffimus
1876 3983 1938 4062 Al-

539 4086 692 4184 gebrista
715 4091 908 4190 nequidem
928 4096 1078 4194 aggredi
1105 4097 1259 4202 auderet.
1395 4181 1398 4188 ,
1435 4179 1439 4186 ,
1589 4087 1617 4164 -’
1686 4177 1690 4186 ,
1769 4177 1772 4186 ,

597 4200 652 4280 En
684 4210 830 4284 remitto
863 4209 1074 4288 schediasma
1109 4211 1197 4294 Dni.
1234 4215 1657 4309 Nrauwiruririi,
1698 4223 1828 4320 gratias
1866 4245 1968 4320 ago.

538 4343 607 4420 pro
634 4328 989 4422 communicatione3
1021 4353 1144 4406 meum
1170 4332 1346 4428 judicium
1370 4334 1487 4436 scripsi
1513 4339 1569 4416 ad*
1584 4341 1814 4438 marginem3
1844 4355 1887 4416 ut
1909 4337 1938 4420 fi

537 4437 631 4520 sorte
664 4438 771 4522 Dnus
801 4441 881 4526 Mu
896 4467 1151 4526 veranius
1180 4447 1255 4530 hoc
1274 4448 1485 4535 schediasma
1509 4451 1616 4537 Aua
1640 4456 1789 4534 inserere
1817 4456 1933 4542 velit,

1832 4569 1936 4650 unul
