4168 5524
533 309 610 403 iri
804 257 1738 404 oanniioroirtrrsroricun,
1887 290 1891 298 ’

241 491 246 504 “
374 461 470 592 Ῑξ98
535 477 707 578 passivum
734 475 807 557 fine
831 481 966 570 astino,
998 505 1107 583 quam
1133 485 1321 560 materiam
1345 479 1418 558 fine
1449 481 1589 568 sonna,
1622 480 1681 558 vel
1714 492 1865 574 contrn3
1893 491 1938 554 ut

373 553 465 628 MV·
534 571 667 718 scilicet
687 601 809 696 potius
831 599 1050 702 explicatum
1073 593 1250 699 ponerem
1269 622 1378 700 quam
1399 597 1679 698 explicandum,
1705 601 1752 674 ‘dr
1771 610 1814 674 ut
1842 620 1938 696 quo-

533 713 734 811 dammodo
770 729 887 792 uterer
914 714 1063 793 confilio
1091 731 1157 793 tuo
1184 730 1377 817 antequam
1400 714 1522 802 dares,
1555 716 1703 814 quando
1732 718 1852 790 minus
1876 735 1936 788 ac-

531 833 733 920 tivitatum,
766 855 875 934 quam
901 832 1102 910 formarum
1139 836 1289 909 nomine
1317 831 1516 909 offenditur
1550 830 1682 930 vulgus
1718 829 1938 910 Neoterico-

530 971 621 1024 runi.
1599 999 1604 1002 -

565 1049 646 1140 '‘Ad
683 1085 716 1152 3.
751 1055 970 1166 Cariestanos
987 1077 1158 1164 negantes
1176 1067 1214 1140 in
1237 1067 1451 1164 corporibus
1466 1057 1533 1140 esse
1550 1060 1685 1164 aliquid
1709 1069 1835 1142 animae
1853 1089 1939 1139 ana·

450 1175 454 1184 ’
529 1179 660 1278 logum
677 1205 753 1257 non
782 1182 953 1258 debemus
980 1186 1140 1266 morari,
1173 1204 1259 1258 cum
1276 1182 1391 1260 nullas
1416 1177 1569 1257 habeant
1594 1185 1749 1258 rationes
1770 1184 1939 1281 negatio·

530 1301 605 1391 nis3
636 1322 702 1374 nec
725 1298 881 1396 sequitur
906 1298 1008 1397 quod
1036 1321 1112 1374 non
1139 1293 1323 1398 possumus
1348 1300 1534 1396 imaginari
1553 1295 1591 1372 id
1615 1323 1691 1376 non
1714 1297 1792 1376 csse.

590 1413 646 1490 Ad
680 1438 716 1507 4.
751 1413 960 1491 Ridiculum
988 1415 1077 1489 mihi
1101 1415 1241 1491 dudum
1253 1413 1470 1502 'visurn·est,
1504 1427 1668 1492 nabiram
1697 1439 1819 1492 rerum
1843 1414 1937 1490 adeo

528 1529 630 1606 fuisse
659 1555 853 1630 pauperem
871 1531 927 1607 vel
956 1555 1123 1618 avaram,
1155 1545 1198 1608 ut
1221 1531 1286 1608 soli
1316 1527 1429 1606 massae
1460 1529 1634 1620 rantislae,
1667 1532 1781 1633 qualis
1807 1532 1938 1606 huma·

528 1671 664 1724 norum
687 1649 736 1722 est
759 1670 957 1745 corporum
975 1649 1012 1721 in
1035 1647 1241 1726 hocnostro
1260 1647 1386 1726 Globo
1405 1645 1627 1746 prospiceret
1651 1649 1697 1725 de
1720 1649 1934 1740 animabus3

389 1821 393 1834 ·
529 1789 615 1844 cum
644 1761 755 1864 posset
785 1765 974 1850 omnibus,
1008 1763 1110 1840 nulio
1135 1764 1180 1838 ad
1208 1781 1333 1841 caetera
1362 1763 1421 1841 sua
1448 1764 1617 1849 destinata
1641 1765 1905 1864 inpedimento.

587 1881 644 1966 Ad
682 1903 714 1972 ς.
747 1880 949 1980 Quousque
973 1877 1057 1957 filex
1084 1880 1199 1956 dividi
1225 1881 1378 1966 debeat,
1410 1895 1452 1957 ut
1478 1897 1668 1958 occurrant
1698 1903 1857 1984 corpora
1879 1904 1936 1955 or-

531 2003 676 2098 ganica,
710 1999 872 2100 adeoque
892 1996 1094 2084 Monades,
1127 1995 1223 2076 haud
1242 1996 1340 2090 scio;
1371 1993 1429 2073 sed
1453 1995 1560 2074 facile
1581 1996 1739 2098 agnosco
1763 1995 1936 2098 ignoran-

530 2115 618 2194 tiam
640 2119 679 2190 iri
704 2115 759 2194 his
781 2117 940 2192 nostram
959 2113 1050 2192 nihii
1073 2114 1303 2212 praejudicare
1331 2129 1476 2190 natura.
1792 2208 1793 2211 p

589 2232 647 2311 Ad
681 2243 715 2306 6.
748 2231 841 2310 Puto
867 2229 1009 2307 nullum
1031 2229 1107 2304 dari
1137 2233 1330 2308 minimum
1352 2229 1493 2308 Animal
1519 2227 1580 2305 rel
1607 2233 1754 2316 vivens,
1788 2228 1933 2308 nushim

529 2349 603 2429 sine
625 2371 780 2449 corpore
808 2349 1007 2446 organico,
1041 2345 1183 2426 nulium
1201 2350 1300 2442 cujus
1337 2368 1468 2445 corpus
1491 2370 1569 2422 non
1592 2347 1771 2424 dividatur
1796 2347 1931 2425 rursum

530 2469 569 2548 in
592 2467 711 2567 plures
729 2464 940 2570 substantias.
1002 2459 1100 2562 Ergo
1122 2487 1309 2567 nunquam
1330 2463 1518 2542 devenitur
1532 2464 1577 2540 ad
1597 2465 1733 2564 punita
1758 2463 1934 2552 viva,seu

517 2585 656 2664 ‘formis
684 2583 845 2682 praedita.
1211 2609 1216 2624 ·

585 2700 621 2782 Si
647 2699 777 2778 claram
797 2698 904 2776 habes
925 2695 1042 2774 ideam
1065 2698 1216 2784 animae,
1249 2695 1395 2774 habebis
1416 2697 1452 2772 de
1473 2697 1625 2793 sormae3
1657 2699 1707 2775 est
1720 2701 1820 2776 enirn
1836 2697 1933 2778 idem

526 2839 664 2916 genus,
699 2814 828 2914 species
858 2815 973 2890 variae.

586 2932 738 3032 Optime
762 2931 917 3028 judicas,
935 2953 1014 3034 quae
1035 2953 1101 3008 nos
1123 2929 1282 3008 distinite
1307 2929 1344 3005 &
1366 2929 1458 3008 clare
1477 2954 1554 3008 nori
1584 2934 1828 3033 percipimus,
1849 2931 1931 3010 ideo

526 3052 625 3147 rejici
648 3072 725 3128 non
754 3048 891 3124 debere.

587 3166 680 3244 Boni
706 3165 759 3243 illi
801 3153 1028 3264 cortesiani,
1060 3154 1238 3266 quidquid
1263 3159 1392 3260 jadent
1421 3163 1467 3242 de
1494 3164 1553 3244 sua
1585 3164 1676 3244 clare
1705 3165 1743 3248 δι
1771 3165 1931 3244 distinsta

528 3285 790 3387 perceptione,
824 3280 915 3360 inihi
939 3304 985 3355 ne
1013 3277 1257 3356 extensionem
1279 3280 1428 3380 quidem
1446 3279 1494 3358 fic
1514 3285 1697 3383 percipere
1719 3283 1899 3360 videntur.

589 3399 798 3509 Caeteium,
831 3395 1031 3474 sianimam
1058 3395 1114 3474 vei
1140 3397 1296 3474 formam
1316 3401 1560 3498 concipiamus
1587 3414 1630 3476 ut
1659 3401 1815 3498 primam
1849 3398 1931 3474 affi-

526 3518 697 3608 ¹uitatem,
730 3503 831 3612 cuj'us
855 3511 1123 3592 modificatione
1149 3515 1310 3590 oriantur
1328 3518 1418 3592 vires
1441 3514 1623 3604 secundae,
1655 3531 1697 3594 ut
1716 3512 1930 3592 extensionis

529 3633 798 3711 modificatione
822 3614 990 3710 oriuhtur
1015 3629 1138 3730 figurae
1157 3638 1180 3719 ,'
1199 3643 1291 3735 puto
1323 3655 1390 3708 nos
1428 3631 1622 3711 intellestui
1648 3629 1696 3710 fic
1727 3631 1806 3710 satis
1843 3655 1931 3708 oon-

528 3741 653 3830 solere.
1848 3807 1850 3812 ,

589 3866 733 3966 Nempe
757 3870 857 3963 ejus,
888 3863 990 3966 quod
1019 3860 1159 3941 essentia
1189 3862 1248 3941 sua
1269 3887 1367 3941 mere
1400 3863 1572 3973 passivum
1601 3867 1670 3955 est,
1708 3863 1815 3943 nullae
1849 3863 1931 3965 pos-

527 3980 610 4072 sunt
636 3981 702 4060 eise
720 3981 1004 4062 modificationes
1029 3983 1169 4075 astivae3
1191 3980 1366 4081 quoniam
1387 3981 1672 4062 modificationes
1690 3983 1931 4060 limitantma-

526 4101 604 4200 gis,
630 4121 736 4199 quam
753 4114 910 4196 augent,
944 4099 1001 4175 vel
1022 4099 1180 4186 addunt,
1203 4101 1322 4198 itaque
1349 4118 1475 4199 praeter
1492 4099 1755 4188 extensionem,
1781 4123 1862 4200 quae
1881 4097 1929 4174 est

526 4215 623 4295 sedes
644 4213 701 4291 vel
716 4217 935 4314 principium
957 4215 1174 4312 figurarum,
1208 4215 1531 4321 debemusponere
1555 4217 1673 4294 sedem
1699 4218 1757 4293 vel
1775 4212 1927 4313 apileos-

526 4317 677 4410 sichardi
709 4329 911 4416 arsionum,
943 4354 1075 4429 nempe
1095 4337 1276 4420 animam,
1308 4335 1490 4427 formam,
1525 4337 1660 4422 vitum,
1688 4329 1929 4412 entelechiam

524 4453 702 4554 primam,
736 4463 777 4527 ut
796 4445 975 4548 appellare
1000 4446 1147 4524 lubebit.

1642 4607 1650 4622 ·
1785 4563 1929 4650 Prorsus
