4168 5524
282 194 1412 298 triariiriitnnmiiiouiiir,ansrxcn.
1490 223 1562 300 455

227 347 276 432 ·In
302 352 514 433 Curiori
540 354 787 432 schediasmate
805 353 897 430 nihil
914 367 987 432 erat
1011 353 1112 455 quod
1137 353 1181 432 ad
1207 353 1468 456 exponentialia
1488 377 1566 455 pei·
1617 363 1709 459 1692
1767 433 1785 450 ,,

173 469 302 546 tineret
320 526 331 557 ,
347 495 456 572 quam
469 470 569 574 quod
587 469 792 577 transcripsi.
854 468 989 549 Admisi
1011 485 1130 548 autem
1153 459 1497 549 'demonstrationem
1517 471 1572 546 lo-
1620 451 1700 544 Jun.

174 585 395 683 garithmiorr
413 590 582 690 tanquam
610 589 735 665 obviae.
795 581 877 666 Nec
903 585 1000 663 illam
1035 583 1178 712 [quain
1201 588 1357 684 vocant]
1395 579 1590 690 Turpe..

172 704 303 778 tionem
326 727 425 781 nune
442 703 594 806 amplius
611 704 758 793 habeo,
790 703 899 780 uisam
919 716 1060 782 tantum
1088 703 1191 804 apud*
1202 705 1449 784 transeuntem.

231 815 324 897 Ecce
343 817 493 898 alterum
520 819 607 900 Dni.
641 821 894 902 Ciuvunri
919 819 1248 926 schediasma,un
1275 822 1383 922 paulo
1420 822 1570 923 propius

171 933 218 1012 ad
251 959 329 1012 rein
350 939 493 1015 videtur
531 932 708 1016 accedere.
769 937 805 1016 Si
837 936 1161 1014 Ancnrnuors
1193 939 1440 1038 quadraturam
1468 936 1571 1015 Para·

173 1049 267 1128 bolae
291 1053 497 1152 improbat,
531 1077 596 1148 cur
620 1079 697 1132 non
725 1051 915 1154 respondet
943 1055 1017 1151 ejus
1039 1053 1335 1131 demonstrationi
1362 1053 1565 1153 rigorosae,

174 1167 399 1269 ostenditque
430 1172 494 1249 ubi
517 1173 647 1248 vitium
681 1171 836 1265 haereat3
867 1192 988 1269 neque
1028 1171 1126 1250 enim
1158 1170 1427 1248 Ancninro
1442 1195 1488 1246 rs
1521 1161 1571 1246 as·
1692 1181 1697 1202 ¹

171 1405 230 1480 xia
251 1401 364 1480 videri
391 1401 549 1508 possunt.

231 1519 392 1615 Quando
413 1519 530 1600 Dnus.
563 1519 770 1600 Cuneus
794 1519 850 1598 Te
865 1517 980 1608 vidit,
1011 1523 1083 1618 jain
1109 1531 1183 1596 erat
1204 1545 1297 1598 unus
1316 1546 1361 1599 ex
1383 1523 1572 1626 secretariis

171 1635 306 1712 intimis
334 1635 536 1715 serenissimi
560 1637 729 1717 Eletioris
752 1634 1054 1735 Brandeburgici,
1079 1635 1141 1713 etsi
1156 1638 1254 1736 apud
1274 1635 1412 1716 Dnum
1443 1638 1514 1718 Di
1528 1662 1573 1714 n-

171 1772 447 1832 xeiiiiuiru
460 1780 490 1832 n
508 1753 721 1856 plerumque
742 1766 872 1855 ageret.
932 1753 1044 1832 Nunc
1059 1753 1219 1832 Patrono
1242 1755 1362 1838 everso
1382 1757 1570 1832 stationem

170 1869 333 1958 invenit,
365 1869 475 1950 famu
505 1869 756 1959 Consiliariue,
789 1871 853 1948 ubi
878 1869 962 1947 licet
989 1868 1108 1986 minus
1125 1872 1163 1946 in
1190 1872 1231 1946 iis
1246 1869 1386 1970 potiit
1376 1896 1413 1947 in
1439 1874 1570 1972 quibus

170 1986 277 2062 nobis
301 1959 398 2064 utilis
426 1985 493 2064 eise
517 1999 682 2089 poterat,
716 1987 931 2089 quietiorem
955 1971 1078 2066 tamen
1110 1987 1146 2062 dt
1173 1979 1427 2084 jucundiorem
1458 1992 1570 2064 vitam

170 2103 255 2200 ugit
317 2102 572 2182 Mathematica
601 2107 639 2182 &
666 2107 812 2204 aestimat
838 2104 874 2180 &
897 2104 1093 2203 intelligit3
1124 2083 1405 2182 Astronomica'
1395 2105 1568 2204 inprimis.

170 2203 350 2300 Caeterum
378 2220 462 2298 inde
485 2247 505 2299 a
529 2219 928 2300 Diurirrniuni
956 2219 1035 2298 casu
1060 2219 1158 2296 nulla
1177 2221 1273 2308 ‚ruhi
1300 2245 1384 2298 cuni
1411 2222 1479 2297 illis
1501 2245 1570 2298 no·
1602 2209 1603 2214 Ν

169 2338 246 2412 titia
274 2337 481 2428 intercedit,
499 2339 562 2438 qui
581 2340 618 2413 in
639 2330 801 2439 Halensts
820 2334 1020 2434 Acadeni‘iae
1042 2338 1149 2413 rebus
1164 2337 1298 2437 aliquid
1317 2337 1458 2430 valent3
1474 2363 1571 2439 quae-

169 2475 246 2530 ram
267 2467 388 2532 tamen
413 2455 549 2534 aDno.
581 2452 792 2542 cinno,
827 2477 901 2555 quo
924 2452 993 2529 iliae
1019 2451 1087 2531 sint
1108 2453 1203 2530 loco.
1342 2490 1344 2496 ·
1549 2465 1556 2477 “

230 2567 469 2650 Certissimum
498 2572 571 2658 est,
614 2570 747 2648 librum
784 2569 944 2648 Burin
964 2593 985 2644 u
1004 2593 1093 2646 nri
1124 2567 1290 2670 prodiisse
1323 2570 1387 2648 sub
1412 2570 1567 2659 Titulo,
1663 2571 1667 2582 ’

169 2675 388 2787 Doutesſsrr
413 2687 451 2764 la
468 2681 698 2792 ‘Philosophia
759 2686 921 2764 invenies
947 2711 1031 2764 euin
1053 2689 1091 2762 iii
1116 2683 1221 2763 Adsis
1240 2681 1465 2792 Lpstenstbus
1495 2687 1569 2787 jain
1643 2705 1653 2712 ·

168 2817 251 2880 ante
274 2804 409 2882 multos
434 2828 547 2882 annos
570 2801 804 2890 recensitum,
838 2801 1002 2880 simodo
1027 2803 1185 2880 indicem
1211 2797 1568 2904 generalem'confu-

168 2917 243 3014 les3
273 2919 424 2999 habetur
445 2923 482 2998 dr
504 2925 541 2998 in
567 2909 733 2998 Novellis
757 2912 964 3018 Reipublicae
984 2912 1211 3008 Litterart'ae,
1243 2918 1569 3009 imminerunt:

167 3035 220 3110 ibi
246 3057 323 3116 non
345 3061 481 3139 pauca,
514 3061 594 3138 quae
616 3038 707 3115 oiim
729 3035 940 3114 stabiliverat
961 3041 999 3113 in
1023 3037 1086 3116 suo
1102 3029 1316 3140 Compendio
1340 3029 1432 3114 Phil
1414 3028 1567 3138 rostapbiae'

168 3150 427 3232 Gissenor
452 3155 489 3231 dr
517 3151 628 3242 aiibi,
661 3153 769 3232 dubia
801 3177 898 3230 nunc
922 3151 987 3230 sibi
1022 3152 1134 3230 videri
1158 3151 1374 3252 profitetur,
1407 3155 1444 3232 &
1473 3149 1567 3229 diffi-
1698 3156 1700 3173 '

12 3263 16 3268 ’
168 3267 315 3347 cultates
339 3271 518 3406 producit
579 3268 747 3350 Gratias
735 3275 879 3348 interim
902 3296 999 3370 ag0,
1031 3270 1131 3371 quod
1154 3267 1371 3378 inquisivisti

50 3384 56 3396 '
225 3387 315 3465 Non
343 3390 492 3464 memini
517 3387 661 3488 legere,
694 3391 756 3488 qui
773 3397 890 3464 a'erem
923 3383 1163 3504 compressum
1188 3367 1451 3484 ponderaverit.
1481 3347 1567 3462 Me-

164 3503 256 3580 niini
277 3502 534 3594 Boiorum,
566 3508 605 3580 in
629 3505 682 3580 his
706 3503 840 3592 credo,
874 3526 952 3602 quae
972 3494 1116 3578 Franc.
1138 3502 1283 3580 Lino
1315 3505 1476 3601 reponit,
1504 3517 1566 3584 aut

165 3618 333 3718 adjettis,
364 3619 504 3699 calculo
525 3622 853 3722 experimentorum
875 3619 1139 3720 deprehendere
1157 3617 1221 3696 sibi
1244 3619 1468 3698 visum-atris
1488 3621 1564 3694 rim

165 3737 340 3828 clasticam
371 3735 445 3816 sere
467 3741 650 3840 reciproce
678 3734 1079 3839 proportionalem'eise
1102 3735 1241 3836 sputi0.'
1287 3735 1389 3812 Idem
1411 3737 1449 3810 in
1467 3759 1564 3834 pon-

164 3853 249 3930 de're
280 3855 584 3934 examinandum:
617 3853 843 3933 Bouuius
879 3857 984 3930 etium
1012 3869 1136 3930 notare
1160 3853 1224 3928 sibi
1247 3852 1339 3930 risus
1363 3853 1412 3928 est
1444 3862 1563 3928 a'e'rem

162 3967 372 4047 raresattum
395 3995 418 4047 a
445 3971 562 4049 calore
585 3975 752 4070 'accipere
779 3974 852 4046 rim
878 3969 912 4046 se
944 3971 1114 4047 dilatandi
1141 3973 1315 4066 majorem
1343 3991 1451 4070 quam
1474 3993 1564 4068 pro*-

163 4091 334 4186 portione
356 4091 504 4165 raritatis
524 4089 730 4188 expetierat.
791 4085 832 4164 id
863 4086 1016 4184 dignuin
1048 4089 1201 4172 excuti,
1235 4085 1408 4188 snnulque
1445 4083 1564 4162 obser-

161 4205 238 4280 uari
255 4229 378 4282 annon
402 4203 560 4282 similiter
577 4214 637 4282 atr
658 4199 878 4304 compressus
904 4207 1085 4283 minorem
1105 4203 1274 4282 dilatandi
1299 4207 1373 4281 vim
1401 4201 1562 4301 acquirat

1453 4337 1564 4414 quam
