4184 5526
577 353 645 434 ars
839 297 1282 422 concurrerunt
1326 327 1794 418 aristocreon,

437 511 546 596 ‘1698
578 495 675 571 ilum
692 491 846 592 separari
865 512 941 565 non
966 487 1138 567 debeant3
1172 487 1253 584 quia
1265 483 1434 583 separatio
1447 482 1634 584 proveniat
1658 487 1702 564 ab
1727 486 1925 562 elasticitate
1951 543 1964 574 ,

419 611 422 620 '
450 607 529 702 Jul,
577 634 684 712 quam
710 603 1081 710 autemseponendam
1107 601 1206 678 dixit.
1268 598 1476 698 Egovero,
1509 624 1594 678 curu
1619 606 1792 701 temporis
1816 605 1972 702 angustia

572 747 653 806 non
676 721 872 826 permiserit
896 721 999 798 illum
1019 721 1062 795 ab
1089 720 1262 817 opinione
1290 717 1348 794 sua
1377 716 1591 804 delleclere,
1617 719 1785 797 haelenus
1804 719 1868 819 ipfi
1887 744 1971 819 pro-

575 841 653 920 misr
679 845 822 948 copiam
842 851 1095 936 excerptorum
1124 857 1169 910 ex
1199 833 1323 910 litteris
1346 833 1435 910 Tuis
1465 832 1646 934 meisque,
1681 834 1747 912 hac
1783 836 1828 912 de
1861 851 1972 912 mate-

577 963 628 1036 ria
647 957 854 1058 agentibus,
888 969 928 1030 ut
952 951 1069 1028 videat
1089 950 1175 1050 quid
1196 975 1254 1025 me
1280 948 1462 1049 impulerit
1480 949 1524 1026 ad
1555 949 1843 1054 ampletleudum
1875 951 1968 1032 Tuas

576 1090 702 1176 partes.
750 1062 1072 1170 ,Hora-Comitum
1087 1068 1161 1144 vidi
1192 1064 1397 1144 Dominum
1422 1063 1484 1143 Dr
1499 1091 1747 1156 uuouuus,
1789 1066 1973 1174 Praesrdem

577 1197 617 1268 in
644 1184 756 1268 Curia
789 1178 1016 1260 Brabantiae':
1051 1188 1157 1260 etiam
1197 1182 1257 1259 hic
1283 1183 1396 1262 multa
1420 1183 1588 1260 civilitate
1608 1208 1665 1260 me
1707 1183 1833 1262 affecit.
1894 1184 1973 1264 Do-

576 1311 697 1386 minus
722 1305 1102 1384 Becuuvarcros
1121 1298 1212 1376 milri
1229 1285 1390 1377 bstendit
1413 1297 1706 1400 Logogryphum
1729 1301 1896 1401 aliquod,
1929 1301 1969 1376 si-

576 1425 617 1502 bi
639 1451 659 1500 a
683 1423 781 1500 Dno.
843 1418 1107 1504 Huoruro,
1140 1417 1228 1492 dum
1255 1413 1415 1504 viveret,
1450 1413 1672 1516 depositum,
1716 1417 1779 1494 su'o
1810 1435 1971 1516 tempore

578 1539 715 1618 clavem
746 1533 915 1614 missuro:
932 1550 1048 1611 morte
1073 1547 1193 1610 autem
1227 1549 1422 1632 occupatus
1461 1531 1498 1608 id
1516 1557 1591 1608 nou
1626 1535 1793 1633 prestitit.
1856 1533 1968 1613 Dnus.

577 1656 901 1744 Drruoueus,
936 1652 1070 1749 &ego
1107 1648 1171 1750 ipsr
1204 1647 1471 1737 consulutmus,
1516 1665 1559 1726 ut
1587 1651 1707 1727 ederet
1736 1651 1840 1750 quale
1878 1677 1970 1728 acce-

577 1769 688 1874 pisset.
749 1771 882 1850 Nastos
902 1768 979 1846 sum
1011 1761 1122 1868 Hagae
1141 1756 1406 1872 Cesmotheoron
1451 1766 1679 1844 Hoounrr
1703 1783 1866 1846 recenter
1884 1794 1969 1874 prae-

579 1889 620 1966 lo
638 1891 794 1968 enixum.
856 1885 946 1964 Vale
965 1887 1002 1961 dr
1021 1885 1108 1962 save.

526 2161 531 2170 .
580 2107 746 2194 Gronr'ngae
767 2115 798 2190 5.
822 2097 912 2194 Julii.
936 2102 1039 2182 1698.

1191 2191 1431 2297 Amplitudiui
1453 2195 1543 2274 Tuae
1583 2195 1842 2275 Devotilsunus

1589 2343 1907 2426 Bruuourcn

884 2661 1683 2752 uersTOLALXXW.
1824 2703 1828 2710 ¹

380 2897 383 2903 ·
580 2871 1046 2966 LEIBNlTll
1117 2873 1227 2988 AD
1282 2869 1966 2970 BERNOULLIUM

878 3096 1150 3240 Responsio
1184 3097 1246 3205 ad
1268 3097 1648 3242 praecedentem.

499 3345 503 3352 ’
583 3343 800 3422 macedonum
816 3350 872 3438 Epi
893 3345 973 3416 olam
987 3342 1121 3440 amiffitm
1136 3354 1269 3420 nrmciat.
1292 3353 1344 3419 De
1357 3347 1457 3420 Vos
1470 3369 1497 3420 D
1509 3366 1561 3418 ult
1575 3367 1610 3420 o.
1629 3353 1681 3420 De
1695 3353 1838 3420 Materia
1851 3365 1967 3420 nanee

728 3448 781 3516 Da
798 3447 942 3543 infinito„
959 3449 1010 3517 De
1031 3448 1168 3519 Hune
1183 3466 1261 3520 ΝΗ
1287 3441 1459 3538 solistimis.
1503 3451 1555 3516 De
1580 3443 1784 3541 Geograpbia.

815 3631 910 3728 .Vir
935 3638 1209 3726 celeberrime!
1242 3637 1382 3730 Fauror
1403 3635 1730 3724 Honoratiffimel

353 3909 356 3915 -
443 3897 540 3980 1986
722 3857 998 3958 deprecatione,
1033 3857 1179 3962 [quod
1207 3855 1377 3962 mireris]
1398 3883 1516 3960 cogor
1537 3863 1694 3960 incipere
1717 3860 1860 3938 litteras.
1921 3859 1975 3938 ln-

451 3993 518 4086 Jul,
728 3975 893 4054 felicitate
914 3977 1068 4078 quadam
1097 3976 1289 4078 singulari,
1322 4003 1398 4056 non
1415 3978 1487 4055 line
1507 3976 1742 4078 culpatamen
1768 4003 1868 4066 mea,
1892 3978 1976 4056 Tua

584 4087 777 4169 novissunae
794 4098 937 4192 petiere.
1001 4093 1097 4172 Cum
1121 4100 1339 4195 acciperem,
1371 4098 1409 4170 in
1434 4120 1480 4172 eo
1510 4119 1608 4176 eram
1636 4109 1678 4172 ut
1712 4086 1976 4194 Herrenbuſstm
2067 4191 2068 4196 Ἰ

584 4212 695 4294 irem,
721 4209 784 4284 ubi
803 4208 892 4287 Aula
911 4213 1028 4290 nostra
1049 4213 1098 4287 est
1120 4229 1217 4290 extra
1240 4216 1389 4300 urbem,
1423 4212 1523 4313 quod
1541 4211 1646 4288 ebera
1669 4211 1727 4287 die
1747 4211 1892 4290 summo
1909 4237 1980 4288 ma·

585 4348 632 4400 ne
649 4320 831 4400 discessura
855 4323 937 4402 elset
960 4327 1114 4404 Eleetnx
1128 4323 1439 4433 Brundeburgica,
1481 4327 1643 4429 Aulaque
1681 4319 1850 4432 Cellrnsts.
1883 4330 1977 4406 Tuas

584 4444 695 4541 igitur
713 4442 830 4554 obiter
847 4440 1014 4543 inspectas
1036 4467 1181 4546 mecum
1206 4444 1335 4536 sumo,
1370 4447 1521 4526 leeturus
1548 4447 1594 4522 in*
1604 4444 1739 4524 itinere.
1802 4445 1908 4524 Forte
1927 4445 1981 4520 su-

1858 4587 1981 4666 perte·
