4266 5534
555 303 670 416 tto,
729 299 1239 391 camararium
1281 291 1815 384 terrasticum

419 465 521 548 3696
562 459 753 542 Problema
776 454 941 558 generale
961 448 1147 530 consistere
1167 448 1242 528 dici·
1263 451 1382 554 potest
1409 451 1449 526 in
1472 450 1681 544 inventione
1712 446 1855 524 minimi
1879 435 1962 524 infi-v

442 557 515 656 J¹¹L
563 583 728 658 tritorum
748 578 995 652 ministrorum
1056 566 1127 647 Sed
1149 567 1286 645 transeo
1313 567 1358 642 ad
1381 591 1476 642 nova
1498 589 1578 666 quae
1601 565 1789 644 sciscitaris
1940 634 1942 642 .

622 691 752 773 Frater
776 716 876 770 meus
903 691 1054 787 junior,
1087 685 1186 763 nulia
1214 698 1353 788 reperta
1372 685 1521 760 immone
1541 674 1706 786 Paristr's,
1739 681 1897 760 reversus
1911 681 1960 758 esi

564 819 603 894 in
629 813 815 902 Patriam;
843 807 1027 886 Dominus
1054 800 1396 878 Hosrrrarrus
1426 798 1531 876 iilum
1566 801 1727 878 oneravit
1757 817 1803 888 3,
1830 799 1889 876 vel
1920 821 1961 894 4.

564 928 835 1032 Exemplaribus
854 911 905 1002 sui
930 921 1112 999 Tradatus
1133 921 1220 996 novi
1246 923 1269 971 ⁹⁶
1291 919 1336 994 de
1353 919 1538 1022 principiis
1556 915 1684 994 calculi
1703 913 1959 1004 differentialis,

564 1070 724 1149 quorum
748 1065 864 1121 unum
889 1039 975 1116 Tibi
997 1036 1197 1112 destinatur.
1230 1091 1239 1112 .
1273 1091 1281 1110 .
1312 1091 1322 1110 .
1358 1091 1407 1109 ..
1441 1091 1450 1108 .
1483 1091 1491 1109 .
1524 1091 1539 1109 ..
1566 1087 1579 1110 .
1611 1092 1620 1109 .
1654 1091 1663 1108 .
1696 1089 1711 1108 ..
1830 1031 1958 1110 Haste-

562 1190 630 1242 nus
656 1160 804 1262 quidem
827 1155 917 1234 nihil
939 1156 1030 1230 novi
1067 1152 1194 1228 incidit
1224 1150 1269 1226 de
1294 1148 1585 1226 differentialibus
1603 1172 1648 1226 ex
1672 1147 1836 1248 analogia
1856 1148 1961 1225 diffe-

563 1283 757 1357 rentiarum
784 1277 821 1352 &
853 1273 1121 1376 potentiarum,
1155 1270 1238 1368 quia
1264 1265 1309 1340 de
1328 1290 1372 1342 eo
1395 1267 1440 1341 de
1468 1289 1568 1343 novo
1598 1267 1759 1364 cogitare
1791 1265 1961 1345 nondum

563 1399 721 1474 vacavit:
756 1389 940 1490 supersunt
968 1399 1089 1464 tamen
1116 1382 1292 1462 nonnulla
1311 1405 1390 1482 quae
1409 1383 1597 1472 monebu,
1631 1383 1776 1484 quando
1803 1382 1959 1488 disputa.

562 1519 617 1606 tio
636 1515 753 1588 nostra
775 1509 881 1586 suerit
902 1503 1010 1580 finita

613 1611 811 1708 Novitates
834 1621 983 1722 Phyfico
996 1615 1290 1696 -MathematIcae
1316 1641 1396 1716 quae
1424 1641 1470 1694 ex
1492 1609 1650 1694 Batava
1674 1617 1719 1695 ad
1742 1642 1801 1694 me
1831 1643 1961 1724 perre-

562 1751 691 1834 niunt,
724 1745 807 1822 sunt
832 1739 971 1844 oppido
994 1737 1138 1812 steriles.
1199 1735 1319 1812 dudio
1343 1733 1652 1825 Hoeruruu,
1683 1750 1811 1840 praeter
1833 1737 1957 1813 uon

563 1889 630 1946 nra
650 1891 675 1941 n
693 1887 718 1940 u
739 1885 805 1947 u,
849 1849 1063 1934 constituisse
1096 1853 1313 1932 Curatorem
1345 1850 1528 1930 Msturunr
1559 1852 1706 1934 suorum
1747 1851 1959 1932 Dominum

560 1981 758 2061 Forsan
772 1999 868 2052 ruat
890 1969 1091 2050 Matheseos
1118 1967 1212 2046 Pros.
1247 1961 1559 2072 Frmqueranam
1573 2026 1590 2058 ,A
1616 1971 1794 2048 destinatis
1819 1995 1891 2072 pro
1908 1971 1954 2050 la·

562 2100 654 2176 bore
680 2099 823 2194 utrique
843 2089 941 2164 misle
960 2086 1103 2163 florenis
1128 2083 1298 2164 Hoiland.
1332 2085 1377 2162 de
1405 2087 1510 2162 bonis
1539 2087 1619 2164 suis.

619 2217 765 2292 Serione
788 2209 979 2306 loquitur,
1010 2228 1057 2279 an
1077 2206 1216 2301 jocatur
1236 2203 1302 2280 Cr
1317 2229 1340 2279 u
1354 2203 1563 2280 vanius?
1593 2203 1784 2304 Quidquid
1804 2202 1857 2294 srt,
1877 2231 1953 2284 non

560 2330 758 2415 aradiendus
794 2326 881 2419 est;
917 2322 1053 2398 habeat.
1074 2321 1323 2396 meditationes
1349 2323 1578 2421 quantumuis
1608 2321 1807 2424 profundas
1830 2380 1851 2410 ,.
1874 2323 1953 2400 sane
2103 2371 2104 2412 3

559 2472 696 2547 magno
721 2457 853 2522 conatu
880 2463 1024 2540 magnas
1042 2461 1155 2536 nugas
1181 2438 1269 2513 dicit
1294 2429 1379 2512 Aa.
1411 2449 1530 2528 1687.
1558 2461 1638 2536 pag.
1660 2451 1762 2529 586,
1797 2465 1878 2540 quae
1902 2439 1958 2516 nil-
2103 2421 2104 2470 ³

559 2566 799 2648 conducunt,
831 2545 896 2634 n'isr
923 2573 970 2636 ut.
984 2553 1179 2650 matheseos
1197 2557 1369 2658 imperitis
1390 2568 1617 2632 contemtum
1635 2555 1806 2658 inspirent
1827 2574 1951 2634 contra

557 2682 715 2760 scientias
743 2675 1030 2754 Mathematicus..
1082 2669 1222 2747 Vereor
1240 2695 1285 2746 ne
1309 2670 1350 2748 sit
1370 2695 1416 2746 ex
1439 2695 1567 2748 eorum
1588 2697 1763 2757 numero,
1797 2677 1862 2775 qui
1880 2674 1952 2749 vel-

558 2799 635 2898 lent
653 2796 786 2896 aliquid
810 2791 948 2878 videri,
977 2789 1037 2866 sed
1061 2811 1146 2864 cum
1167 2786 1219 2863 nii
1245 2785 1397 2864 habeant
1428 2789 1529 2887 quod
1551 2787 1781 2892 producant,
1815 2793 1950 2868 incor-

557 2919 629 2994 tice
654 2910 776 2988 misere
797 2910 950 2994 haerent,
975 2931 1043 2982 nec
1063 2917 1185 3014 tamen
1211 2901 1374 2982 desinunt
1392 2906 1563 2984 nucleum
1585 2906 1762 2983 arrodere.
1810 2905 1892 3006 Ego
1905 2907 1950 2985 fic
2102 2943 2103 2950 Ν

557 3032 710 3130 judico,
738 3051 782 3104 ex
804 3028 845 3100 iis
868 3049 948 3124 quae
968 3020 1153 3120 hucusque
1168 3020 1213 3098 ab
1232 3019 1308 3124 ipso
1332 3019 1426 3096 ridi:
1460 3045 1569 3123 quam
1594 3027 1690 3100 enim
1712 3025 1811 3102 dedit
1824 3028 1864 3100 in
1886 3037 1950 3100 Ac·

557 3151 604 3248 tiss
629 3148 717 3224 anni
742 3155 850 3228 1686
874 3138 1006 3216 seriem
1026 3137 1248 3240 quadraturae
1266 3133 1413 3216 ‘cuculi
1429 3163 1507 3214 non
1532 3138 1625 3216 valet
1646 3145 1866 3229 exarninare,
1882 3165 1958 3242 qua.

557 3265 639 3365 lege
661 3259 934 3364 progrediente,
968 3257 1005 3331 ἃ
1030 3281 1080 3332 an·
1095 3251 1135 3328 sit
1157 3256 1277 3352 justa,
1302 3255 1340 3329 δι
1360 3251 1386 3328 fi
1409 3251 1476 3342 stt,
1505 3255 1557 3332 nil
1581 3261 1669 3334 novi
1681 3283 1697 3352 3·
1724 3257 1776 3334 nii
1798 3261 1866 3334 rari
1889 3259 1950 3333 de·

535 3381 613 3470 <siit
632 3407 649 3476 3.
674 3379 733 3453 sed
754 3375 878 3462 fallor,
912 3371 1016 3448 dedit.
1033 3374 1158 3472 utique
1181 3368 1316 3472 aliquid
1347 3370 1510 3461 insoliti,
1542 3375 1728 3473 quadravit
1752 3379 1850 3452 enim
1868 3375 1958 3453 Cir--

561 3497 684 3574 tulum
708 3493 828 3568 saltem
850 3515 916 3594 per
938 3488 1087 3583 serien13
1119 3484 1218 3584 Ergo
1241 3511 1304 3587 per
1336 3486 1481 3576 seriem,
1512 3511 1557 3564 ex
1576 3487 1663 3566 data
1686 3490 1780 3568 linea
1800 3490 1956 3592 catedra·

559 3617 616 3687 xit
646 3601 838 3688 Mundum
865 3601 1013 3684 Divina
1035 3606 1147 3679 menti
1171 3601 1374 3708 analogums
1436 3603 1676 3707 OLepidum
1707 3609 1916 3689 Creatorem
1938 3611 1958 3684 i.
2101 3699 2102 3704 Ἰ

559 3727 618 3804 sed
640 3730 724 3824 joco
743 3723 781 3801 id
807 3724 959 3798 dixerim
975 3778 991 3810 ,
1020 3726 1160 3799 animus
1190 3744 1269 3798 non
1294 3721 1347 3796 est.
1362 3721 1545 3800 offendere
1571 3747 1811 3826 quemquam,
1832 3727 1949 3805 sorhn

424 3844 435 3870 ³
559 3845 613 3943 est
635 3842 737 3920 Tuus
773 3843 931 3925 amicus,
964 3837 1080 3914 forsan
1101 3840 1151 3914 est
1170 3836 1238 3914 Vir
1265 3843 1456 3938 egregius3
1484 3839 1568 3915 iicet
1594 3841 1633 3916 id
1653 3841 1821 3920 nondum
1843 3845 1950 3920 inno·

557 3957 664 4060 tescat
690 3957 900 4060 perscripta
924 3953 1009 4048 sua3
1040 3954 1133 4030 nihil
1154 3969 1273 4031 tamen
1296 3955 1391 4032 laudi
1419 3961 1494 4054 eius
1510 3955 1713 4046 detraham,
1747 3960 1889 4036 uldetur
1907 3974 1949 4038 ut

556 4075 673 4178 dicam
696 4072 797 4172 quod
818 4097 872 4148 res
897 4071 965 4158 est,
998 4071 1136 4149 easdem
1162 4071 1225 4148 fibi
1246 4096 1325 4173 quae
1351 4071 1751 4152 Nrruwrarrrro
1779 4079 1948 4154 minutias

456 4223 459 4228 ·
556 4189 740 4272 obstaculo
770 4185 868 4278 esse,
892 4190 1085 4289 quominus
1115 4190 1234 4270 nostra
1265 4189 1436 4295 amplesii.
1460 4189 1554 4270 velit.
1617 4189 1765 4272 interm
1793 4215 1840 4271 ex
1872 4196 1958 4293 ejus.
2007 4223 2011 4238 ‚

544 4339 545 4346 ‘
1838 4312 1959 4400 rader

593 4495 756 4592 fditaiyfi
773 4502 820 4566 der
835 4497 993 4578 infhrimsrrt
1007 4500 1099 4578 petits.
1141 4495 1218 4562 aaa
1239 4493 1328 4576 1696.¹
1348 4501 1405 4578 454.
1469 4491 1474 4500 '
