4222 5534
496 268 679 413 ”294-
732 301 1240 404 connexorum
1283 299 1817 406 rrrsrotrcunt,

279 480 285 490 '
421 491 519 571 ¹697
561 475 710 574 inesset3
741 475 831 556 dum
860 477 982 565 dicis,
1014 499 1058 551 ac
1068 471 1217 579 proinde
1241 493 1385 553 rantum
1403 493 1489 581 opus
1515 471 1581 576 est,
1615 469 1761 576 defendi
1786 471 1968 585 quara:

439 584 521 678 Jlffl·
562 621 683 693 nrm,
713 595 938 701 quantiam
961 585 1125 696 perfitiens
1142 590 1268 670 datam
1286 613 1424 696 tangat.
1485 591 1567 672 Into
1585 595 1743 672 maxime
1765 595 1838 672 hoc
1863 588 1979 698 opus

564 716 649 801 est,
667 716 704 790 ἃ
735 737 828 813 opus
853 708 925 816 else
948 708 1083 810 semper
1110 714 1276 808 agnov13
1309 709 1368 786 sed
1403 710 1620 822 quomodo,
1653 711 1797 812 quaeso,
1830 713 1965 791 deseri-

438 865 441 872 ·
565 831 682 906 benda
705 833 754 906 est
788 827 997 928 Synchrona
1030 827 1239 926 generaliter
1275 831 1314 904 in
1342 831 1459 904 curvis
1487 826 1580 904 datae
1618 828 1766 926 alicuius
1797 828 1963 932 speciei?

564 947 694 1025 Habeo
715 970 784 1044 ego
805 944 1018 1020 methodum
1045 967 1113 1043 pro
1132 943 1228 1032 hoc,
1261 967 1341 1044 quae
1371 944 1420 1019 est
1447 941 1506 1018 illa
1531 941 1630 1043 ipsa,
1659 968 1770 1046 quam
1800 971 1822 1024 a
1848 971 1962 1048 pecu-

564 1063 642 1140 liari
669 1067 779 1162 genio
810 1061 900 1139 mihi
939 1058 1138 1160 inspiratam
1173 1064 1269 1161 [per
1291 1057 1455 1161 jocum]
1488 1059 1562 1136 dixi
1577 1084 1588 1154 ;
1621 1077 1789 1161 praeterea
1821 1062 1962 1139 tameth

566 1180 762 1260 innotescat
789 1175 927 1280 [quod
957 1177 1105 1277 quidem
1125 1177 1342 1276 'palmarium
1368 1174 1454 1278 est]
1472 1177 1849 1264 modusoonstruendi
1866 1180 1963 1279 Syn-

563 1295 765 1383 chronam,
798 1319 874 1372 non
903 1311 1024 1371 tamen
1053 1293 1138 1369 inde
1166 1296 1280 1372 statim
1316 1294 1505 1372 deducitur
1529 1294 1660 1370 modus
1697 1295 1854 1374 ducendi
1879 1301 1960 1393 ejus

565 1427 778 1510 tangentes3
810 1416 915 1512 quia,
934 1409 960 1486 sr
978 1411 1191 1498 meministi,
1225 1435 1302 1488 non
1325 1415 1373 1488 ita
1398 1409 1540 1510 pridem
1561 1410 1648 1487 Tibi
1676 1409 1775 1500 dixi,
1803 1413 1877 1488 dari
1893 1413 1960 1488 ali-

531 1547 536 1558 ·
564 1553 652 1627 quas
676 1554 798 1606 curvas
829 1551 979 1628 quarum
1001 1527 1223 1606 tonstruttto
1250 1525 1499 1628 srmplicillima
1521 1527 1695 1616 habetur,
1730 1551 1811 1628 quae
1832 1544 1959 1606 tamen

564 1669 642 1722 non
665 1646 767 1730 facile
791 1648 989 1746 aequatione
1012 1641 1256 1732 differentias,
1289 1645 1425 1721 nedum
1444 1645 1663 1742 ulgebraica,
1696 1647 1850 1742 exprimi
1872 1645 1956 1744 pos-

563 1759 645 1838 sunt
658 1788 669 1858 ;
701 1779 806 1861 atque
830 1762 920 1838 adeo
942 1782 1027 1837 cum
1051 1774 1200 1860 tangens
1220 1785 1337 1838 curva
1361 1759 1445 1838 duci
1469 1784 1545 1836 non
1564 1757 1687 1857 pollit,
1720 1757 1786 1836 nist
1801 1761 1957 1860 cognos-

562 1893 664 1956 catur
688 1879 811 1956 relatio
835 1881 927 1954 inter
957 1873 1016 1980 dr
1043 1877 1079 1952 ἃ
1104 1875 1178 1981 dy,
1211 1873 1343 1966 idest,
1383 1874 1449 1952 nist
1475 1876 1644 1954 habeatur
1672 1879 1825 1977 aquatio
1851 1877 1954 1954 diffe-

563 1996 717 2071 rentialis
743 2010 906 2073 naturam
939 2016 1055 2071 curvae
1089 1997 1320 2097 exprimens,
1353 1993 1496 2070 euidens
1526 2015 1674 2094 quoque
1712 1995 1762 2070 est
1798 1993 1954 2072 modum

537 2107 793 2190 'construendi
817 2109 1065 2210 Synchronas,
1098 2106 1199 2211 [qui
1218 2135 1282 2211 per
1307 2109 1340 2186 se
1374 2113 1481 2188 etiam
1507 2113 1663 2186 maxime
1690 2106 1845 2186 difficilis
1870 2106 1952 2210 est]

560 2228 728 2306 nondum
755 2225 912 2306 sufficere
935 2251 1004 2328 pro
1024 2226 1332 2306 determinatione
1352 2226 1613 2313 Problematis‚
1644 2225 1705 2302 sed
1736 2230 1872 2328 requiri
1899 2232 1954 2304 in·

558 2343 663 2452 super
688 2345 898 2428 relationem
927 2347 1019 2426 iuter
1043 2342 1103 2420 dx
1126 2347 1163 2422 &
1193 2341 1269 2452 dy,
1302 2356 1343 2423 ut
1371 2343 1541 2420 habeatur
1564 2358 1715 2442 tangens
1744 2343 1802 2418 vel
1818 2347 1950 2442 potius,
2026 2363 2031 2376 ·

557 2478 601 2538 ut
630 2462 710 2538 data
726 2476 925 2560 tangente,
958 2461 1019 2538 seu
1045 2451 1278 2540 inclinatione
1302 2461 1403 2538 rettae
1430 2459 1608 2561 politione
1634 2460 1748 2547 datae,
1781 2460 1954 2550 habeatur

428 2591 432 2599 '
492 2646 524 2696 0'
557 2579 734 2678 pontium
762 2582 799 2654 in
820 2579 1029 2679 Synchrona
1049 2583 1108 2657 cui
1132 2581 1193 2656 ista
1209 2576 1393 2656 inclinatio
1416 2575 1616 2654 conveniat.
1676 2575 1722 2654 Et
1737 2575 1817 2654 sane
1831 2601 1952 2654 exem·
2087 2579 2088 2672 ξ

557 2695 622 2796 plo
643 2697 747 2770 nobis
768 2695 809 2774 srt
833 2695 890 2772 vel
914 2693 985 2799 sola
1012 2695 1222 2797 Synchrona
1250 2693 1488 2796 Cycluidum‚
1521 2697 1621 2792 cujus
1648 2695 1950 2775 constructionem
2087 2683 2088 2698 Ν

556 2825 632 2888 tum
656 2813 824 2900 brevem,
857 2827 1002 2913 tamque
1025 2813 1223 2914 simplicem
1240 2814 1370 2889 trado:
1402 2811 1593 2916 quomodo
1618 2811 1735 2911 queso
1764 2869 1776 2899 ,
1820 2813 1950 2890 exinde

557 2933 632 3027 ejus
657 2934 893 3028 aquationem
915 2929 1184 3008 differentialem
1209 2953 1401 3031 quaereres,
1434 2929 1493 3005 vel
1516 2929 1638 3006 saltem
1666 2928 1858 3030 quomodo
1881 2929 1949 3007 du-

555 3071 652 3124 ceres
681 3050 755 3144 ejus
780 3061 988 3145 tangentes,
1021 3048 1147 3124 finon
1174 3045 1318 3124 aliunde
1341 3045 1535 3134 constaret,
1567 3069 1698 3145 nempe
1717 3069 1764 3122 ex
1787 3043 1953 3124 confide-

553 3168 692 3240 ratione
711 3164 827 3242 -undae
844 3164 1044 3252 luminaris,
1076 3161 1178 3265 quod
1192 3162 1234 3239 srt
1256 3161 1558 3267 perpendicularis
1582 3161 1844 3263 Cycloidibus?
1859 3163 1947 3240 Non

554 3281 702 3381 quidem
732 3282 861 3358 dubito
885 3283 973 3383 quin
993 3307 1038 3358 eo
1062 3284 1271 3382 peruenias,
1303 3280 1488 3380 fitentare
1506 3279 1698 3379 digneris,
1730 3282 1946 3381 namque&
2086 3307 2087 3316 ¹

555 3422 625 3497 ego
651 3421 695 3472 eo
719 3402 891 3502 perveni,
925 3399 962 3473 &
988 3401 1108 3474 inveni
1130 3398 1283 3478 modum
1309 3395 1506 3476 reducendi
1537 3395 1744 3495 hujusmodi
1769 3421 1891 3475 curvas
1902 3395 1948 3472 ad

553 3499 628 3592 suu's
653 3520 891 3614 aquationes:
924 3513 982 3591 sed
1001 3529 1125 3621 repeto
1141 3514 1242 3618 quod
1266 3515 1371 3610 dixi,
1402 3513 1576 3614 smgulare
1598 3513 1730 3592 scilicet
1757 3513 1948 3591 artificium

553 3654 621 3729 pro
646 3631 719 3710 hoc
743 3635 875 3731 requiri
877 3690 1098 3710 ......
1102 3681 1138 3710 -.
1171 3695 1179 3712 .
1214 3693 1221 3710 .
1269 3633 1396 3710 Mirari
1424 3635 1544 3732 itaque
1567 3630 1645 3712 satis
1668 3655 1744 3707 non
1775 3628 1944 3730 possum,

554 3748 654 3848 quod
678 3751 724 3824 ita
746 3747 985 3848 perfundorie
1014 3749 1088 3828 hoc
1111 3749 1393 3828 consideraveris.
1454 3746 1740 3847 Quam-frigide
1762 3745 1942 3834 dixissem,

553 3889 613 3940 me
636 3865 963 3966 agenioquodam
989 3865 1170 3957 habuisse,
1202 3866 1337 3944 finihil
1355 3865 1452 3943 aliud
1480 3866 1637 3966 mysterii
1664 3861 1814 3942 subesset
1838 3889 1946 3965 quam
2085 3959 2086 3970 ,

552 3979 590 4056 id
615 3979 714 4080 quod
744 3984 836 4061 resta
856 3988 874 4074 [
894 3984 950 4059 vel
977 3983 1002 4060 sr
1027 3989 1138 4064 mavis
1163 3985 1303 4080 curva]
1334 3980 1512 4086 politione
1535 3982 1616 4060 data
1646 3996 1793 4080 tangere
1819 3981 1945 4057 debeat
2085 3975 2086 3988 '

552 4095 808 4195 Syuchronam.
870 4097 1046 4200 Optarem
1062 4119 1103 4181 ut
1121 4102 1320 4203 periculum
1346 4095 1479 4188 fecisses
1501 4102 1540 4176 in
1557 4103 1668 4177 unico
1690 4098 1757 4176 illo
1777 4097 1955 4212 exemplo!

553 4213 684 4313 [quod
704 4207 833 4290 Frater
856 4223 1058 4316 proponit,
1091 4219 1137 4314 de
1162 4219 1313 4299 Circulis
1342 4219 1389 4313 ],
1422 4241 1499 4317 quo
1524 4213 1771 4295 difficultatem
1794 4218 1846 4291 rei
1873 4213 1945 4313 ipse

551 4346 717 4430 expertus
747 4329 872 4414 fuisses.
933 4333 1095 4433 Oportet
1115 4340 1240 4436 utique
1257 4351 1298 4413 ut
1323 4326 1451 4410 Frater
1470 4333 1543 4435 ipse
1564 4333 1654 4412 illud
1671 4356 1740 4434 pro
1763 4331 1946 4433 desperato

549 4445 701 4544 habeat3
735 4471 819 4528 cum
838 4450 961 4537 dicat,
994 4448 1029 4527 se
1050 4451 1125 4531 aliis
1142 4451 1343 4556 relinquere
1368 4464 1549 4530 tentamen
1572 4454 1672 4552 ejus,
1704 4447 1771 4528 fibi
1789 4444 1944 4527 sufficere

1801 4587 1946 4677 propo·
2082 4595 2083 4666 3
