4168 5524
203 291 1528 385 catturvrravnannouaarv,en1sa..LlotXVss3
1480 310 1553 386 435

157 441 388 548 deprehendo
412 447 560 522 maximi
586 447 786 533 momenti,
819 444 966 544 quando
988 445 1139 542 objicit,
1172 459 1355 532 mentem,
1385 458 1556 542 tanquam
1616 460 1712 538 1696

159 585 222 638 ens
254 559 423 661 simplex,
456 587 532 638 non
559 543 667 662 posse
682 559 811 639 habere
837 576 894 638 tot
913 561 1062 638 diversas
1092 561 1376 638 modificationes
1399 588 1419 638 a
1443 559 1511 636 se
1500 581 1555 656 tp·
1621 551 1717 624 Febr

158 677 214 766 sa,
245 676 310 754 nili
333 678 409 754 illas
435 681 480 756 ab
506 678 576 756 alio
618 685 711 756 ente'
723 682 928 792 potentiore
957 676 1142 757 successive
1168 683 1336 783 recipiat3
1360 677 1474 753 sedin
1492 699 1556 752 eo·

159 795 254 872 dem‘
265 797 355 873 statu
382 795 512 876 debere
542 821 710 884 manere,
743 795 942 874 &deuna
963 797 1159 895 eademque
1187 821 1227 873 re
1250 811 1425 896 perpetuo
1453 795 1555 890 cogi·

158 925 252 1000 tare,
285 913 457 1012 quamdiu
479 914 523 990 ab
542 938 680 991 eonon
704 913 957 992 disturbaretur
969 939 980 1008 3
1011 914 1102 991 Non
1128 911 1224 992 secus
1246 935 1287 990 ac
1306 937 1437 1013 corpus
1456 909 1554 988 asuo

160 1043 268 1108 motu
287 1029 494 1107 reililineari
514 1019 701 1132 nunquam
723 1031 850 1132 sponte
877 1030 1059 1108 deflectit:
1092 1031 1183 1108 Item
1211 1047 1370 1108 mentem
1399 1029 1474 1106 suas
1494 1050 1556 1104 co-

159 1150 351 1248 gitationes
367 1145 502 1224 futuras
529 1173 605 1224 non
630 1148 824 1251 prae'noile3
855 1149 956 1248 quod
979 1163 1099 1224 tamen
1126 1147 1201 1224 lieri
1224 1149 1388 1234 deberet,
1421 1145 1447 1221 [ι
1480 1143 1556 1220 illas

160 1291 180 1343 3
199 1264 254 1349 se,
284 1275 360 1340 non
384 1287 470 1341 vero
488 1265 693 1344 immediate
711 1291 732 1341 a
760 1265 844 1342 Deo
862 1289 926 1365 per
945 1264 1065 1343 causas
1086 1264 1320 1343 occafionales
1338 1264 1497 1340 haberet.

219 1379 319 1459 Mihi
351 1381 476 1459 videor
501 1380 579 1457 satis
608 1406 732 1484 capere
762 1382 1118 1484 opinionem-Tuam
1145 1381 1191 1458 de
1218 1398 1300 1460 ortu
1335 1379 1559 1459 Entelechia·

162 1521 265 1575 rum:
296 1495 420 1586 Dicis,
454 1523 518 1598 pet
541 1515 698 1576 mortem
721 1497 948 1585 animalium,
969 1522 1103 1598 organa
1133 1513 1275 1576 tantum
1300 1495 1405 1576 crassa
1429 1492 1560 1575 destrui

164 1639 205 1691 ac
234 1612 397 1702 dilsolvi,
437 1614 498 1692 sed
528 1615 743 1696 subtilillima
777 1622 946 1704 manere,
986 1619 1179 1716 inquibus
1209 1609 1564 1692 eademEntelechia

165 1730 302 1832 semper
319 1746 510 1831 operetur,
542 1722 653 1811 itaut
676 1733 930 1812 maneatidem
954 1757 1106 1811 numero
1131 1733 1285 1828 anima13
1318 1735 1423 1832 quia,
1447 1746 1488 1810 ut
1511 1729 1565 1807 di-

166 1853 217 1926 cis
247 1845 451 1928 Entelechia
477 1873 553 1926 non
577 1853 707 1950 migrat
724 1851 770 1927 de
793 1853 940 1928 materia
963 1851 1002 1928 in
1038 1850 1232 1928 materiam.
1295 1847 1392 1927 Hinc
1417 1848 1564 1948 sequen-

165 1981 241 2042 tem
270 1964 389 2041 sormo
410 1965 615 2044 Theoviam.
677 1965 812 2056 Dedit,
839 1971 877 2044 in
896 1971 1075 2046 creatione
1095 1965 1275 2056 universi,
1307 1965 1409 2046 Deus
1433 1968 1564 2064 cuique

166 2079 382 2161 Entelechiae
401 2099 534 2160 certam
555 2086 823 2186 portiunculam
858 2089 1032 2174 materiae,
1065 2085 1124 2166 seu
1146 2101 1285 2164 certum
1308 2080 1564 2184 corpusculum
1634 2173 1636 2182 Ι

167 2202 400 2299 organicum,
434 2201 535 2302 quod
559 2217 736 2301 perpetuo
758 2191 949 2290 informet,
973 2201 1031 2280 vel
1056 2207 1210 2290 animet,
1244 2204 1281 2278 &
1302 2225 1489 2300 nunquam
1504 2196 1566 2273 de·

165 2317 282 2403 serat,
314 2313 378 2420 ipli
408 2315 450 2394 fit
475 2314 680 2407 essentialis,
714 2333 755 2396 ut
786 2322 830 2396 ab
859 2343 900 2396 ea
925 2319 1032 2419 plane
1064 2319 1210 2419 separari
1233 2343 1310 2403 non
1333 2316 1465 2418 pullrt3
1495 2318 1567 2413 jam

167 2457 256 2510 vero
279 2432 371 2510 illud
394 2435 597 2513 animalculi
624 2431 901 2536 corpusculum,
934 2437 1035 2536 quod
1060 2438 1209 2514 stamina
1233 2437 1374 2528 vocabo
1402 2433 1566 2532 corporis

169 2549 329 2628 annualis
350 2553 470 2651 postea
489 2556 673 2652 generati,
705 2556 937 2652 generatione
961 2553 998 2629 &
1023 2549 1222 2658 nutritione
1246 2553 1425 2629 evolvitur
1448 2552 1485 2626 δι
1506 2571 1569 2625 ex-

168 2667 359 2768 panditur,
394 2690 458 2767 pet
482 2669 635 2746 modurn
661 2673 875 2771 receptionis
895 2695 1000 2750 novae
1024 2672 1062 2747 &
1081 2673 1276 2770 peregrinae
1298 2671 1454 2747 materiae
1476 2666 1511 2744 sc
1530 2663 1570 2744 in

172 2807 285 2886 poros
310 2784 539 2880 insinuantis3
562 2785 660 2864 unde
680 2785 853 2887 paulatim
877 2789 1029 2875 crescit,
1062 2789 1100 2863 &
1119 2787 1265 2868 taudem
1288 2811 1333 2863 ex
1351 2782 1569 2863 animalculo

170 2899 337 2978 invisibili
356 2902 395 2980 lit
425 2901 573 2980 visibile.
631 2900 721 2980 Haec
741 2919 861 2983 autem
880 2903 1042 2982 evolutio
1067 2907 1115 2982 ita
1139 2908 1262 3004 peragi
1292 2902 1495 2988 censenda,
1527 2912 1570 2977 ut

171 3041 388 3119 percorpus
413 3015 560 3096 niardmi
582 3022 690 3097 etiam
712 3003 871 3097 animalia
894 3021 1113 3123 aequabiliter
1135 3019 1261 3098 diffusa
1283 3018 1351 3096 sint
1371 3017 1431 3094 illa
1455 3019 1572 3117 prima

170 3131 336 3240 stamina,
361 3139 588 3238 quantumvis
612 3135 766 3235 exigua3
785 3161 867 3214 non
890 3137 988 3216 secus
1016 3161 1057 3215 ac
1078 3137 1247 3238 concipio
1273 3138 1466 3212 minimum
1493 3157 1572 3234 gra

172 3252 302 3329 nulum
331 3251 443 3328 salis
433 3278 472 3328 ιιι
503 3277 633 3353 magna
655 3257 851 3354 quantitate
882 3277 983 3356 aquae
1012 3253 1193 3342 dilutum,
1225 3251 1259 3331 se
1287 3251 1320 3328 se
1344 3253 1572 3329 uniformiter

174 3393 259 3447 cum
291 3394 382 3470 aqua
400 3370 638 3470 permiscere3
670 3370 718 3450 fic
740 3387 783 3448 ut
804 3371 902 3450 nulla
926 3368 969 3450 stt
992 3393 1092 3472 aquae
1122 3385 1244 3471 gutta,
1273 3392 1353 3472 quae
1371 3393 1469 3457 non,
1502 3391 1571 3468 pro

173 3489 311 3564 ratione
337 3485 405 3564 suae
433 3487 561 3574 molis,
595 3486 641 3563 de
665 3485 734 3566 isto
757 3488 911 3587 granulo
929 3490 1125 3590 participet.
1157 3487 1271 3568 Porro
1299 3484 1326 3562 fi
1351 3509 1483 3587 corpus
1499 3487 1573 3562 ani-

173 3603 275 3680 malis
297 3604 450 3681 crescere
474 3601 593 3690 desiit,
617 3603 733 3682 rursus
752 3603 924 3706 paulatim
950 3602 1137 3692 decrescit,
1171 3605 1260 3682 dum
1280 3619 1396 3704 partes
1420 3602 1488 3682 illae
1513 3600 1575 3679 ad-

173 3723 330 3799 ventitiae
352 3723 483 3799 iterum
508 3721 661 3808 abeunt,
693 3719 752 3800 seu
777 3721 1114 3822 quomodocunque
1135 3721 1372 3800 destruuntur.
1420 3717 1575 3799 Evidens

177 3839 226 3914 est
248 3839 394 3914 stamina
420 3837 480 3914 illa
497 3858 525 3928 ,·
540 3861 621 3939 quae
649 3861 713 3938 per
739 3861 914 3938 magnum
938 3838 1091 3939 spatium
1109 3838 1236 3916 diffusa
1258 3851 1382 3924 erant,
1413 3841 1487 3936 iam
1511 3839 1576 3914 itc-

174 3979 257 4032 rum
273 3951 438 4032 contrahi
457 3956 494 4030 &
518 3959 605 4054 cogi
626 3957 663 4030 in
688 3957 835 4050 minus;
865 3955 985 4033 donec
1014 3955 1207 4054 absumptis
1225 3955 1395 4032 omnibus
1420 3956 1579 4054 peregri-

175 4076 252 4162 nis,
284 4069 431 4157 tandem
454 4074 491 4146 in
518 4067 825 4171 pristinamsuam
852 4075 1062 4172 parvitatem
1085 4070 1295 4172 redigatur..
1322 4069 1377 4150 Eo
1400 4065 1479 4148 sain
1497 4093 1578 4148 mo-

175 4187 253 4276 do,
285 4211 361 4290 quo
387 4189 556 4287 concipio
582 4187 775 4288 granulum
794 4187 889 4276 salis,
909 4191 948 4265 in
971 4213 1062 4290 aqua
1086 4186 1261 4278 dilutum,
1292 4187 1465 4293 paulatim
1478 4209 1580 4290 aquae

182 4293 441 4391 exsiccatione,
475 4303 673 4392 coitione,
707 4307 961 4410 evaporatione
983 4303 1041 4382 vel
1071 4303 1316 4410 percolatione
1349 4311 1480 4386 iterum.
1515 4327 1581 4408 pe·

183 4421 358 4502 detentim
382 4421 570 4510 coarctari,
602 4421 641 4502 &
659 4421 805 4503 tandem
826 4425 866 4510 iu
888 4426 1078 4502 minimam
1098 4421 1196 4504 suam
1218 4421 1402 4505 massulam
1420 4419 1580 4504 conden-

928 4540 1009 4634 lii
1055 4561 1097 4624 a
1505 4537 1580 4624 sari
