<?xml version="1.0" encoding="UTF-8"?>
<!DOCTYPE html PUBLIC "-//W3C//DTD XHTML 1.0 Transitional//EN"
    "http://www.w3.org/TR/xhtml1/DTD/xhtml1-transitional.dtd">
<html xmlns="http://www.w3.org/1999/xhtml" xml:lang="en" lang="en">
 <head>
  <title>
</title>
<meta http-equiv="Content-Type" content="text/html;charset=utf-8" />
  <meta name='ocr-system' content='tesseract 3.04.00' />
  <meta name='ocr-capabilities' content='ocr_page ocr_carea ocr_par ocr_line ocrx_word'/>
</head>
<body>
  <div class='ocr_page' id='page_1' title='image "./virorumceleberr00bousgoog_0189.png"; bbox 0 0 4266 5534; ppageno 0'>
   <div class='ocr_carea' id='block_1_1' title="bbox 386 255 1814 444">
    <p class='ocr_par' dir='ltr' id='par_1_1' title="bbox 386 255 1814 444">
     <span class='ocr_line' id='line_1_1' title="bbox 386 255 1814 444; baseline 0.006 -43"><span class='ocrx_word' id='word_1_1' title='bbox 386 433 391 444; x_wconf 16' lang='lat'>⁸</span> <span class='ocrx_word' id='word_1_2' title='bbox 549 333 671 416; x_wconf 66' lang='lat'>136⁴</span> <span class='ocrx_word' id='word_1_3' title='bbox 742 259 1245 436; x_wconf 72' lang='lat' dir='ltr'>couniretur</span> <span class='ocrx_word' id='word_1_4' title='bbox 1287 255 1814 424; x_wconf 65' lang='lat' dir='ltr'>rr&#39;isroiicuir,</span> 
     </span>
    </p>
   </div>
   <div class='ocr_carea' id='block_1_2' title="bbox 402 472 1952 1896">
    <p class='ocr_par' dir='ltr' id='par_1_2' title="bbox 402 472 1952 1070">
     <span class='ocr_line' id='line_1_2' title="bbox 406 472 1951 600; baseline -0.001 -27"><span class='ocrx_word' id='word_1_5' title='bbox 406 501 502 586; x_wconf 82' lang='lat'>1696</span> <span class='ocrx_word' id='word_1_6' title='bbox 546 499 591 580; x_wconf 86' lang='lat' dir='ltr'>ad</span> <span class='ocrx_word' id='word_1_7' title='bbox 617 508 734 600; x_wconf 89' lang='lat' dir='ltr'>partes</span> <span class='ocrx_word' id='word_1_8' title='bbox 764 497 990 583; x_wconf 88' lang='lat' dir='ltr'>contrarias,</span> <span class='ocrx_word' id='word_1_9' title='bbox 1032 487 1245 592; x_wconf 91' lang='lat' dir='ltr'>ponendum</span> <span class='ocrx_word' id='word_1_10' title='bbox 1284 472 1426 570; x_wconf 76' lang='lat' dir='ltr'>lantum</span> <span class='ocrx_word' id='word_1_11' title='bbox 1450 490 1501 568; x_wconf 88' lang='lat' dir='ltr'>est</span> <span class='ocrx_word' id='word_1_12' title='bbox 1524 529 1594 546; x_wconf 86' lang='lat'>-·</span> <span class='ocrx_word' id='word_1_13' title='bbox 1616 515 1643 568; x_wconf 83' lang='lat' dir='ltr'>n</span> <span class='ocrx_word' id='word_1_14' title='bbox 1669 519 1739 598; x_wconf 88' lang='lat' dir='ltr'>pro</span> <span class='ocrx_word' id='word_1_15' title='bbox 1761 501 1809 588; x_wconf 84' lang='lat'>÷</span> <span class='ocrx_word' id='word_1_16' title='bbox 1824 519 1880 587; x_wconf 82' lang='lat' dir='ltr'>n,</span> <span class='ocrx_word' id='word_1_17' title='bbox 1913 497 1951 576; x_wconf 86' lang='lat'>&amp;</span> 
     </span>
     <span class='ocr_line' id='line_1_3' title="bbox 402 597 1951 717; baseline 0.001 -24"><span class='ocrx_word' id='word_1_18' title='bbox 402 597 500 676; x_wconf 66' lang='lat' dir='ltr'>Febr·</span> <span class='ocrx_word' id='word_1_19' title='bbox 544 627 594 712; x_wconf 78' lang='grc' dir='ltr'>-Ι-</span> <span class='ocrx_word' id='word_1_20' title='bbox 622 643 648 692; x_wconf 86' lang='lat' dir='ltr'>n</span> <span class='ocrx_word' id='word_1_21' title='bbox 666 639 736 717; x_wconf 90' lang='lat' dir='ltr'>pro</span> <span class='ocrx_word' id='word_1_22' title='bbox 761 654 830 670; x_wconf 90' lang='lat'>·-·</span> <span class='ocrx_word' id='word_1_23' title='bbox 847 639 882 690; x_wconf 85' lang='lat' dir='ltr'>n.</span> <span class='ocrx_word' id='word_1_24' title='bbox 942 608 1041 690; x_wconf 90' lang='lat' dir='ltr'>Hinc</span> <span class='ocrx_word' id='word_1_25' title='bbox 1072 607 1254 710; x_wconf 90' lang='lat' dir='ltr'>ficorpus</span> <span class='ocrx_word' id='word_1_26' title='bbox 1281 605 1346 700; x_wconf 86' lang='lat' dir='ltr'>A,</span> <span class='ocrx_word' id='word_1_27' title='bbox 1376 607 1553 686; x_wconf 89' lang='lat' dir='ltr'>celeritate</span> <span class='ocrx_word' id='word_1_28' title='bbox 1574 623 1615 688; x_wconf 92' lang='lat' dir='ltr'>ut</span> <span class='ocrx_word' id='word_1_29' title='bbox 1644 635 1690 701; x_wconf 91' lang='lat' dir='ltr'>i,</span> <span class='ocrx_word' id='word_1_30' title='bbox 1723 617 1883 694; x_wconf 82' lang='lat' dir='ltr'>incurrat</span> <span class='ocrx_word' id='word_1_31' title='bbox 1912 618 1951 694; x_wconf 91' lang='lat' dir='ltr'>iii</span> 
     </span>
     <span class='ocr_line' id='line_1_4' title="bbox 546 725 1952 840; baseline -0.004 -23"><span class='ocrx_word' id='word_1_32' title='bbox 546 733 681 840; x_wconf 84' lang='lat' dir='ltr'>aequale</span> <span class='ocrx_word' id='word_1_33' title='bbox 707 733 963 836; x_wconf 84' lang='lat' dir='ltr'>Bquiescens3</span> <span class='ocrx_word' id='word_1_34' title='bbox 994 725 1140 806; x_wconf 84' lang='lat' dir='ltr'>habebit</span> <span class='ocrx_word' id='word_1_35' title='bbox 1164 727 1247 829; x_wconf 91' lang='lat' dir='ltr'>post</span> <span class='ocrx_word' id='word_1_36' title='bbox 1267 727 1398 816; x_wconf 73' lang='lat' dir='ltr'>istum,</span> <span class='ocrx_word' id='word_1_37' title='bbox 1424 725 1691 818; x_wconf 66' lang='lat' dir='ltr'>ocerannum</span> <span class='ocrx_word' id='word_1_38' title='bbox 1711 743 1752 810; x_wconf 92' lang='lat' dir='ltr'>ut</span> <span class='ocrx_word' id='word_1_39' title='bbox 1781 755 1826 820; x_wconf 92' lang='lat' dir='ltr'>i,</span> <span class='ocrx_word' id='word_1_40' title='bbox 1852 735 1891 810; x_wconf 74' lang='lat' dir='ltr'>aa</span> <span class='ocrx_word' id='word_1_41' title='bbox 1918 733 1952 811; x_wconf 81' lang='lat' dir='ltr'>n</span> 
     </span>
     <span class='ocr_line' id='line_1_5' title="bbox 547 844 1949 960; baseline -0.002 -27"><span class='ocrx_word' id='word_1_42' title='bbox 547 852 722 960; x_wconf 84' lang='lat' dir='ltr'>quiescet3</span> <span class='ocrx_word' id='word_1_43' title='bbox 738 847 874 952; x_wconf 87' lang='lat' dir='ltr'>[pono</span> <span class='ocrx_word' id='word_1_44' title='bbox 895 846 956 926; x_wconf 89' lang='lat' dir='ltr'>hic</span> <span class='ocrx_word' id='word_1_45' title='bbox 975 869 1128 949; x_wconf 90' lang='lat' dir='ltr'>corpora</span> <span class='ocrx_word' id='word_1_46' title='bbox 1142 845 1296 946; x_wconf 77' lang='lat' dir='ltr'>perfetta</span> <span class='ocrx_word' id='word_1_47' title='bbox 1316 844 1474 934; x_wconf 85' lang='lat' dir='ltr'>elastica,</span> <span class='ocrx_word' id='word_1_48' title='bbox 1508 845 1566 924; x_wconf 83' lang='lat' dir='ltr'>uel</span> <span class='ocrx_word' id='word_1_49' title='bbox 1580 845 1696 944; x_wconf 91' lang='lat' dir='ltr'>dura;</span> <span class='ocrx_word' id='word_1_50' title='bbox 1728 849 1826 928; x_wconf 83' lang='lat' dir='ltr'>iilam</span> <span class='ocrx_word' id='word_1_51' title='bbox 1853 853 1949 930; x_wconf 88' lang='lat' dir='ltr'>euim</span> 
     </span>
     <span class='ocr_line' id='line_1_6' title="bbox 548 963 1947 1070; baseline -0.004 -18"><span class='ocrx_word' id='word_1_52' title='bbox 548 973 693 1052; x_wconf 77' lang='lat' dir='ltr'>effusius</span> <span class='ocrx_word' id='word_1_53' title='bbox 721 969 907 1070; x_wconf 90' lang='lat' dir='ltr'>sequetur,</span> <span class='ocrx_word' id='word_1_54' title='bbox 955 963 1026 1044; x_wconf 90' lang='lat' dir='ltr'>five</span> <span class='ocrx_word' id='word_1_55' title='bbox 1057 964 1125 1042; x_wconf 90' lang='lat' dir='ltr'>sint</span> <span class='ocrx_word' id='word_1_56' title='bbox 1158 963 1312 1066; x_wconf 73' lang='lat' dir='ltr'>perfetta</span> <span class='ocrx_word' id='word_1_57' title='bbox 1344 963 1505 1052; x_wconf 80' lang='lat' dir='ltr'>elaslica,</span> <span class='ocrx_word' id='word_1_58' title='bbox 1539 963 1610 1042; x_wconf 86' lang='lat' dir='ltr'>sive</span> <span class='ocrx_word' id='word_1_59' title='bbox 1642 967 1947 1067; x_wconf 74' lang='lat' dir='ltr'>penetratura,</span> 
     </span>
    </p>

    <p class='ocr_par' dir='ltr' id='par_1_3' title="bbox 547 1083 1948 1306">
     <span class='ocr_line' id='line_1_7' title="bbox 547 1083 1945 1189; baseline -0.004 -21"><span class='ocrx_word' id='word_1_60' title='bbox 547 1115 632 1169; x_wconf 89' lang='lat' dir='ltr'>nani</span> <span class='ocrx_word' id='word_1_61' title='bbox 651 1085 866 1166; x_wconf 85' lang='lat' dir='ltr'>salsissimum</span> <span class='ocrx_word' id='word_1_62' title='bbox 885 1099 1002 1189; x_wconf 91' lang='lat' dir='ltr'>puto,</span> <span class='ocrx_word' id='word_1_63' title='bbox 1033 1083 1135 1186; x_wconf 93' lang='lat' dir='ltr'>quod</span> <span class='ocrx_word' id='word_1_64' title='bbox 1159 1083 1297 1185; x_wconf 79' lang='lat' dir='ltr'>aliqui,</span> <span class='ocrx_word' id='word_1_65' title='bbox 1332 1085 1424 1162; x_wconf 88' lang='lat' dir='ltr'>inter</span> <span class='ocrx_word' id='word_1_66' title='bbox 1452 1107 1545 1184; x_wconf 91' lang='lat' dir='ltr'>quos</span> <span class='ocrx_word' id='word_1_67' title='bbox 1579 1083 1945 1176; x_wconf 82' lang='lat' dir='ltr'>Witiisius,</span> 
     </span>
     <span class='ocr_line' id='line_1_8' title="bbox 549 1197 1948 1306; baseline -0.005 -19"><span class='ocrx_word' id='word_1_68' title='bbox 549 1211 746 1288; x_wconf 89' lang='lat' dir='ltr'>statuerunt</span> <span class='ocrx_word' id='word_1_69' title='bbox 771 1203 966 1306; x_wconf 79' lang='lat' dir='ltr'>persenam</span> <span class='ocrx_word' id='word_1_70' title='bbox 984 1203 1176 1291; x_wconf 80' lang='lat' dir='ltr'>duritiem,</span> <span class='ocrx_word' id='word_1_71' title='bbox 1208 1201 1328 1306; x_wconf 89' lang='lat' dir='ltr'>siqua</span> <span class='ocrx_word' id='word_1_72' title='bbox 1354 1198 1525 1290; x_wconf 78' lang='lat' dir='ltr'>darttiir,</span> <span class='ocrx_word' id='word_1_73' title='bbox 1561 1197 1701 1279; x_wconf 88' lang='lat' dir='ltr'>efficere</span> <span class='ocrx_word' id='word_1_74' title='bbox 1728 1217 1770 1282; x_wconf 89' lang='lat' dir='ltr'>ut</span> <span class='ocrx_word' id='word_1_75' title='bbox 1794 1225 1948 1306; x_wconf 80' lang='lat' dir='ltr'>corpora</span> 
     </span>
    </p>

    <p class='ocr_par' dir='ltr' id='par_1_4' title="bbox 548 1317 1948 1432">
     <span class='ocr_line' id='line_1_9' title="bbox 548 1317 1948 1432; baseline -0.003 -28"><span class='ocrx_word' id='word_1_76' title='bbox 548 1328 630 1428; x_wconf 90' lang='lat' dir='ltr'>post</span> <span class='ocrx_word' id='word_1_77' title='bbox 649 1323 863 1403; x_wconf 90' lang='lat' dir='ltr'>concursum</span> <span class='ocrx_word' id='word_1_78' title='bbox 880 1320 986 1399; x_wconf 89' lang='lat' dir='ltr'>fimnl</span> <span class='ocrx_word' id='word_1_79' title='bbox 1003 1321 1041 1396; x_wconf 65' lang='grc' dir='ltr'>ἃ</span> <span class='ocrx_word' id='word_1_80' title='bbox 1066 1321 1288 1418; x_wconf 80' lang='lat' dir='ltr'>conjunslini</span> <span class='ocrx_word' id='word_1_81' title='bbox 1302 1319 1520 1411; x_wconf 86' lang='lat' dir='ltr'>ferrentur.]</span> <span class='ocrx_word' id='word_1_82' title='bbox 1552 1317 1621 1398; x_wconf 85' lang='lat' dir='ltr'>Sed</span> <span class='ocrx_word' id='word_1_83' title='bbox 1643 1317 1837 1400; x_wconf 89' lang='lat' dir='ltr'>siartificio</span> <span class='ocrx_word' id='word_1_84' title='bbox 1856 1346 1948 1432; x_wconf 82' lang='lat' dir='ltr'>quo-</span> 
     </span>
    </p>

    <p class='ocr_par' dir='ltr' id='par_1_5' title="bbox 550 1435 1947 1541">
     <span class='ocr_line' id='line_1_10' title="bbox 550 1435 1947 1541; baseline -0.004 -19"><span class='ocrx_word' id='word_1_85' title='bbox 550 1447 633 1522; x_wconf 87' lang='lat' dir='ltr'>dam</span> <span class='ocrx_word' id='word_1_86' title='bbox 653 1439 745 1518; x_wconf 84' lang='lat' dir='ltr'>effici</span> <span class='ocrx_word' id='word_1_87' title='bbox 773 1438 888 1541; x_wconf 85' lang='lat' dir='ltr'>posset</span> <span class='ocrx_word' id='word_1_88' title='bbox 920 1453 988 1526; x_wconf 91' lang='lat' dir='ltr'>ut,</span> <span class='ocrx_word' id='word_1_89' title='bbox 1022 1439 1063 1512; x_wconf 92' lang='lat' dir='ltr'>iii</span> <span class='ocrx_word' id='word_1_90' title='bbox 1087 1437 1164 1538; x_wconf 91' lang='lat' dir='ltr'>ipso</span> <span class='ocrx_word' id='word_1_91' title='bbox 1175 1435 1368 1520; x_wconf 87' lang='lat' dir='ltr'>concursus</span> <span class='ocrx_word' id='word_1_92' title='bbox 1389 1451 1600 1526; x_wconf 87' lang='lat' dir='ltr'>momento,</span> <span class='ocrx_word' id='word_1_93' title='bbox 1622 1459 1796 1539; x_wconf 86' lang='lat' dir='ltr'>corpora,</span> <span class='ocrx_word' id='word_1_94' title='bbox 1825 1441 1947 1517; x_wconf 88' lang='lat' dir='ltr'>etiam-</span> 
     </span>
    </p>

    <p class='ocr_par' dir='ltr' id='par_1_6' title="bbox 513 1535 1952 1667">
     <span class='ocr_line' id='line_1_11' title="bbox 513 1535 1952 1667; baseline -0.003 -29"><span class='ocrx_word' id='word_1_95' title='bbox 513 1535 523 1568; x_wconf 76' lang='lat'><strong><em>‘</em></strong></span> <span class='ocrx_word' id='word_1_96' title='bbox 549 1559 578 1638; x_wconf 89' lang='lat' dir='ltr'>si</span> <span class='ocrx_word' id='word_1_97' title='bbox 601 1561 738 1640; x_wconf 87' lang='lat' dir='ltr'>summe</span> <span class='ocrx_word' id='word_1_98' title='bbox 758 1557 868 1646; x_wconf 86' lang='lat' dir='ltr'>dura,</span> <span class='ocrx_word' id='word_1_99' title='bbox 902 1580 965 1657; x_wconf 92' lang='lat' dir='ltr'>per</span> <span class='ocrx_word' id='word_1_100' title='bbox 987 1577 1125 1632; x_wconf 88' lang='lat' dir='ltr'>uncum</span> <span class='ocrx_word' id='word_1_101' title='bbox 1160 1554 1341 1658; x_wconf 87' lang='lat' dir='ltr'>aliquem,</span> <span class='ocrx_word' id='word_1_102' title='bbox 1374 1555 1433 1634; x_wconf 84' lang='lat' dir='ltr'>uel</span> <span class='ocrx_word' id='word_1_103' title='bbox 1451 1554 1599 1667; x_wconf 82' lang='lat' dir='ltr'>aliquod</span> <span class='ocrx_word' id='word_1_104' title='bbox 1621 1554 1769 1657; x_wconf 87' lang='lat' dir='ltr'>gluten,</span> <span class='ocrx_word' id='word_1_105' title='bbox 1789 1559 1839 1636; x_wconf 86' lang='lat' dir='ltr'>ita</span> <span class='ocrx_word' id='word_1_106' title='bbox 1856 1557 1952 1634; x_wconf 78' lang='lat' dir='ltr'>aitte</span> 
     </span>
    </p>

    <p class='ocr_par' dir='ltr' id='par_1_7' title="bbox 550 1669 1947 1777">
     <span class='ocr_line' id='line_1_12' title="bbox 550 1669 1947 1777; baseline -0.002 -22"><span class='ocrx_word' id='word_1_107' title='bbox 550 1679 615 1755; x_wconf 86' lang='lat' dir='ltr'>fibi</span> <span class='ocrx_word' id='word_1_108' title='bbox 638 1681 794 1754; x_wconf 76' lang='lat' dir='ltr'>inuicem</span> <span class='ocrx_word' id='word_1_109' title='bbox 815 1675 1058 1762; x_wconf 83' lang='lat' dir='ltr'>cohaererent,</span> <span class='ocrx_word' id='word_1_110' title='bbox 1074 1686 1116 1751; x_wconf 89' lang='lat' dir='ltr'>ut</span> <span class='ocrx_word' id='word_1_111' title='bbox 1137 1697 1215 1752; x_wconf 91' lang='lat' dir='ltr'>uon</span> <span class='ocrx_word' id='word_1_112' title='bbox 1231 1671 1373 1774; x_wconf 89' lang='lat' dir='ltr'>possent</span> <span class='ocrx_word' id='word_1_113' title='bbox 1384 1672 1558 1776; x_wconf 85' lang='lat' dir='ltr'>progredi</span> <span class='ocrx_word' id='word_1_114' title='bbox 1575 1669 1641 1750; x_wconf 90' lang='lat' dir='ltr'>nisi</span> <span class='ocrx_word' id='word_1_115' title='bbox 1659 1675 1840 1773; x_wconf 76' lang='lat' dir='ltr'>junilim3</span> <span class='ocrx_word' id='word_1_116' title='bbox 1862 1699 1947 1777; x_wconf 90' lang='lat' dir='ltr'>pro-</span> 
     </span>
    </p>

    <p class='ocr_par' dir='ltr' id='par_1_8' title="bbox 535 1790 1947 1896">
     <span class='ocr_line' id='line_1_13' title="bbox 535 1790 1947 1896; baseline 0.001 -28"><span class='ocrx_word' id='word_1_117' title='bbox 535 1795 611 1875; x_wconf 75' lang='lat' dir='ltr'>cul</span> <span class='ocrx_word' id='word_1_118' title='bbox 631 1795 743 1875; x_wconf 90' lang='lat' dir='ltr'>dubio</span> <span class='ocrx_word' id='word_1_119' title='bbox 763 1795 812 1871; x_wconf 95' lang='lat' dir='ltr'>ob</span> <span class='ocrx_word' id='word_1_120' title='bbox 838 1790 1147 1872; x_wconf 85' lang='lat' dir='ltr'>conseruationem</span> <span class='ocrx_word' id='word_1_121' title='bbox 1169 1790 1326 1890; x_wconf 87' lang='lat' dir='ltr'>ejusdem</span> <span class='ocrx_word' id='word_1_122' title='bbox 1349 1793 1556 1896; x_wconf 71' lang='lat' dir='ltr'>quantitatis</span> <span class='ocrx_word' id='word_1_123' title='bbox 1581 1792 1736 1882; x_wconf 73' lang='lat' dir='ltr'>uirium,</span> <span class='ocrx_word' id='word_1_124' title='bbox 1765 1795 1860 1872; x_wconf 86' lang='lat' dir='ltr'>irent</span> <span class='ocrx_word' id='word_1_125' title='bbox 1889 1817 1947 1870; x_wconf 88' lang='lat' dir='ltr'>ce·</span> 
     </span>
    </p>
   </div>
   <div class='ocr_carea' id='block_1_3' title="bbox 547 1927 1948 2097">
    <p class='ocr_par' dir='ltr' id='par_1_9' title="bbox 547 1927 1948 2097">
     <span class='ocr_line' id='line_1_14' title="bbox 547 1927 1948 2097; baseline 0.001 -58"><span class='ocrx_word' id='word_1_126' title='bbox 547 1961 684 2042; x_wconf 88' lang='lat' dir='ltr'>leritate</span> <span class='ocrx_word' id='word_1_127' title='bbox 712 1975 755 2041; x_wconf 90' lang='lat' dir='ltr'>ut</span> <span class='ocrx_word' id='word_1_128' title='bbox 783 1953 818 2056; x_wconf 65' lang='lat' dir='ltr'>tl</span> <span class='ocrx_word' id='word_1_129' title='bbox 850 1927 932 2097; x_wconf 46' lang='grc' dir='ltr'>ξε</span> <span class='ocrx_word' id='word_1_130' title='bbox 964 1955 1104 2039; x_wconf 87' lang='lat' dir='ltr'>Verum</span> <span class='ocrx_word' id='word_1_131' title='bbox 1124 1972 1213 2038; x_wconf 89' lang='lat' dir='ltr'>tunc</span> <span class='ocrx_word' id='word_1_132' title='bbox 1230 1961 1408 2062; x_wconf 74' lang='lat' dir='ltr'>quantitas</span> <span class='ocrx_word' id='word_1_133' title='bbox 1426 1957 1632 2066; x_wconf 82' lang='lat' dir='ltr'>progressus</span> <span class='ocrx_word' id='word_1_134' title='bbox 1645 1984 1723 2040; x_wconf 89' lang='lat' dir='ltr'>non</span> <span class='ocrx_word' id='word_1_135' title='bbox 1736 1959 1865 2040; x_wconf 87' lang='lat' dir='ltr'>eadem</span> <span class='ocrx_word' id='word_1_136' title='bbox 1873 1983 1948 2040; x_wconf 86' lang='lat' dir='ltr'>ma·</span> 
     </span>
    </p>
   </div>
   <div class='ocr_carea' id='block_1_4' title="bbox 407 2137 2110 4702">
    <p class='ocr_par' dir='ltr' id='par_1_10' title="bbox 407 2137 2110 4702">
     <span class='ocr_line' id='line_1_15' title="bbox 407 2137 1950 2244; baseline -0.002 -24"><span class='ocrx_word' id='word_1_137' title='bbox 407 2176 413 2185; x_wconf 92' lang='lat'><strong>·</strong></span> <span class='ocrx_word' id='word_1_138' title='bbox 546 2159 657 2223; x_wconf 85' lang='lat' dir='ltr'>neret.</span> <span class='ocrx_word' id='word_1_139' title='bbox 717 2139 774 2220; x_wconf 91' lang='lat' dir='ltr'>En</span> <span class='ocrx_word' id='word_1_140' title='bbox 806 2140 918 2238; x_wconf 89' lang='lat' dir='ltr'>igitur</span> <span class='ocrx_word' id='word_1_141' title='bbox 942 2137 1060 2218; x_wconf 85' lang='lat' dir='ltr'>casum</span> <span class='ocrx_word' id='word_1_142' title='bbox 1096 2137 1276 2240; x_wconf 86' lang='lat' dir='ltr'>aliquem,</span> <span class='ocrx_word' id='word_1_143' title='bbox 1310 2163 1421 2242; x_wconf 88' lang='lat' dir='ltr'>quem</span> <span class='ocrx_word' id='word_1_144' title='bbox 1452 2145 1492 2218; x_wconf 94' lang='lat' dir='ltr'>in</span> <span class='ocrx_word' id='word_1_145' title='bbox 1513 2139 1723 2244; x_wconf 86' lang='lat' dir='ltr'>penultimis</span> <span class='ocrx_word' id='word_1_146' title='bbox 1751 2139 1842 2218; x_wconf 90' lang='lat' dir='ltr'>Tuis</span> <span class='ocrx_word' id='word_1_147' title='bbox 1873 2139 1950 2217; x_wconf 87' lang='lat' dir='ltr'>dari</span> 
     </span>
     <span class='ocr_line' id='line_1_16' title="bbox 547 2253 1999 2362; baseline -0.003 -24"><span class='ocrx_word' id='word_1_148' title='bbox 547 2257 645 2362; x_wconf 85' lang='lat' dir='ltr'>posse</span> <span class='ocrx_word' id='word_1_149' title='bbox 671 2277 886 2357; x_wconf 84' lang='lat' dir='ltr'>negaveras:</span> <span class='ocrx_word' id='word_1_150' title='bbox 919 2254 1039 2336; x_wconf 88' lang='lat' dir='ltr'>Tuam</span> <span class='ocrx_word' id='word_1_151' title='bbox 1064 2253 1168 2357; x_wconf 87' lang='lat' dir='ltr'>super</span> <span class='ocrx_word' id='word_1_152' title='bbox 1191 2255 1265 2334; x_wconf 92' lang='lat' dir='ltr'>hoc</span> <span class='ocrx_word' id='word_1_153' title='bbox 1284 2255 1552 2359; x_wconf 77' lang='lat' dir='ltr'>responsionem</span> <span class='ocrx_word' id='word_1_154' title='bbox 1570 2256 1725 2336; x_wconf 87' lang='lat' dir='ltr'>libenter</span> <span class='ocrx_word' id='word_1_155' title='bbox 1755 2257 1947 2353; x_wconf 80' lang='lat' dir='ltr'>audirem3</span> <span class='ocrx_word' id='word_1_156' title='bbox 1994 2331 1999 2344; x_wconf 83' lang='grc'>,</span> 
     </span>
     <span class='ocr_line' id='line_1_17' title="bbox 547 2371 1948 2479; baseline -0.004 -23"><span class='ocrx_word' id='word_1_157' title='bbox 547 2375 628 2478; x_wconf 88' lang='lat' dir='ltr'>Ego</span> <span class='ocrx_word' id='word_1_158' title='bbox 660 2375 810 2479; x_wconf 88' lang='lat' dir='ltr'>quidem</span> <span class='ocrx_word' id='word_1_159' title='bbox 839 2373 974 2476; x_wconf 84' lang='lat' dir='ltr'>aliquid</span> <span class='ocrx_word' id='word_1_160' title='bbox 992 2371 1226 2475; x_wconf 75' lang='lat' dir='ltr'>responsionis</span> <span class='ocrx_word' id='word_1_161' title='bbox 1247 2373 1334 2454; x_wconf 92' lang='lat' dir='ltr'>loco</span> <span class='ocrx_word' id='word_1_162' title='bbox 1358 2374 1536 2454; x_wconf 85' lang='lat' dir='ltr'>adducere</span> <span class='ocrx_word' id='word_1_163' title='bbox 1558 2372 1715 2477; x_wconf 85' lang='lat' dir='ltr'>possem,</span> <span class='ocrx_word' id='word_1_164' title='bbox 1742 2373 1802 2453; x_wconf 92' lang='lat' dir='ltr'>sed</span> <span class='ocrx_word' id='word_1_165' title='bbox 1834 2375 1872 2451; x_wconf 91' lang='lat' dir='ltr'>id</span> <span class='ocrx_word' id='word_1_166' title='bbox 1894 2377 1948 2475; x_wconf 89' lang='lat' dir='ltr'>ip-</span> 
     </span>
     <span class='ocr_line' id='line_1_18' title="bbox 546 2489 2110 2599; baseline -0.003 -24"><span class='ocrx_word' id='word_1_167' title='bbox 546 2495 625 2575; x_wconf 87' lang='lat' dir='ltr'>sum</span> <span class='ocrx_word' id='word_1_168' title='bbox 655 2517 733 2572; x_wconf 90' lang='lat' dir='ltr'>non</span> <span class='ocrx_word' id='word_1_169' title='bbox 756 2495 909 2572; x_wconf 91' lang='lat' dir='ltr'>omnino</span> <span class='ocrx_word' id='word_1_170' title='bbox 938 2491 1030 2569; x_wconf 90' lang='lat' dir='ltr'>mihi</span> <span class='ocrx_word' id='word_1_171' title='bbox 1061 2490 1233 2571; x_wconf 88' lang='lat' dir='ltr'>satisfacit.</span> <span class='ocrx_word' id='word_1_172' title='bbox 1294 2493 1475 2574; x_wconf 68' lang='lat' dir='ltr'>Ceterum</span> <span class='ocrx_word' id='word_1_173' title='bbox 1503 2493 1621 2584; x_wconf 88' lang='lat' dir='ltr'>dicis,</span> <span class='ocrx_word' id='word_1_174' title='bbox 1662 2491 1764 2595; x_wconf 91' lang='lat' dir='ltr'>quod</span> <span class='ocrx_word' id='word_1_175' title='bbox 1799 2489 1947 2599; x_wconf 75' lang='lat' dir='ltr'>simplex</span> <span class='ocrx_word' id='word_1_176' title='bbox 2109 2591 2110 2594; x_wconf 5' lang='lat' dir='ltr'>p</span> 
     </span>
     <span class='ocr_line' id='line_1_19' title="bbox 548 2607 2110 2712; baseline -0.003 -20"><span class='ocrx_word' id='word_1_177' title='bbox 548 2611 784 2692; x_wconf 86' lang='lat' dir='ltr'>consideratio</span> <span class='ocrx_word' id='word_1_178' title='bbox 805 2610 1031 2702; x_wconf 78' lang='lat' dir='ltr'>direttionis,</span> <span class='ocrx_word' id='word_1_179' title='bbox 1063 2607 1123 2688; x_wconf 90' lang='lat' dir='ltr'>seu</span> <span class='ocrx_word' id='word_1_180' title='bbox 1143 2607 1368 2712; x_wconf 86' lang='lat' dir='ltr'>progressus,</span> <span class='ocrx_word' id='word_1_181' title='bbox 1394 2615 1501 2690; x_wconf 90' lang='lat' dir='ltr'>etiam</span> <span class='ocrx_word' id='word_1_182' title='bbox 1521 2610 1625 2688; x_wconf 90' lang='lat' dir='ltr'>saciat</span> <span class='ocrx_word' id='word_1_183' title='bbox 1647 2613 1741 2690; x_wconf 91' lang='lat' dir='ltr'>utin</span> <span class='ocrx_word' id='word_1_184' title='bbox 1761 2611 1838 2688; x_wconf 86' lang='lat' dir='ltr'>aliis</span> <span class='ocrx_word' id='word_1_185' title='bbox 1854 2609 1950 2688; x_wconf 87' lang='lat' dir='ltr'>mul·</span> <span class='ocrx_word' id='word_1_186' title='bbox 2109 2619 2110 2630; x_wconf 71' lang='lat'><em>&#39;</em></span> 
     </span>
     <span class='ocr_line' id='line_1_20' title="bbox 459 2727 1945 2832; baseline -0.003 -21"><span class='ocrx_word' id='word_1_187' title='bbox 459 2751 463 2764; x_wconf 83' lang='lat'><strong>·</strong></span> <span class='ocrx_word' id='word_1_188' title='bbox 548 2735 592 2811; x_wconf 86' lang='lat' dir='ltr'>tis</span> <span class='ocrx_word' id='word_1_189' title='bbox 611 2755 711 2832; x_wconf 12' lang='lat' dir='ltr'>opus,</span> <span class='ocrx_word' id='word_1_190' title='bbox 729 2729 772 2808; x_wconf 91' lang='lat' dir='ltr'>sit</span> <span class='ocrx_word' id='word_1_191' title='bbox 791 2728 968 2808; x_wconf 89' lang='lat' dir='ltr'>celeritate</span> <span class='ocrx_word' id='word_1_192' title='bbox 996 2727 1101 2807; x_wconf 76' lang='lat' dir='ltr'>duda</span> <span class='ocrx_word' id='word_1_193' title='bbox 1122 2729 1160 2804; x_wconf 91' lang='lat' dir='ltr'>iri</span> <span class='ocrx_word' id='word_1_194' title='bbox 1188 2727 1354 2818; x_wconf 91' lang='lat' dir='ltr'>molem,</span> <span class='ocrx_word' id='word_1_195' title='bbox 1387 2727 1631 2830; x_wconf 78' lang='lat' dir='ltr'>rerissnnaque</span> <span class='ocrx_word' id='word_1_196' title='bbox 1653 2741 1821 2808; x_wconf 79' lang='lat' dir='ltr'>maneam</span> <span class='ocrx_word' id='word_1_197' title='bbox 1843 2727 1945 2806; x_wconf 78' lang='lat' dir='ltr'>theu·</span> 
     </span>
     <span class='ocr_line' id='line_1_21' title="bbox 547 2841 1947 2950; baseline -0.001 -24"><span class='ocrx_word' id='word_1_198' title='bbox 547 2863 680 2926; x_wconf 87' lang='lat' dir='ltr'>remata</span> <span class='ocrx_word' id='word_1_199' title='bbox 702 2862 853 2948; x_wconf 78' lang='lat' dir='ltr'>recepta</span> <span class='ocrx_word' id='word_1_200' title='bbox 872 2843 1118 2924; x_wconf 84' lang='lat' dir='ltr'>Methanicae:</span> <span class='ocrx_word' id='word_1_201' title='bbox 1147 2847 1234 2924; x_wconf 91' lang='lat' dir='ltr'>item</span> <span class='ocrx_word' id='word_1_202' title='bbox 1257 2841 1508 2936; x_wconf 88' lang='lat' dir='ltr'>oscillationis,</span> <span class='ocrx_word' id='word_1_203' title='bbox 1529 2845 1589 2922; x_wconf 82' lang='lat' dir='ltr'>uel</span> <span class='ocrx_word' id='word_1_204' title='bbox 1606 2843 1856 2950; x_wconf 86' lang='lat' dir='ltr'>percullionis,</span> <span class='ocrx_word' id='word_1_205' title='bbox 1870 2849 1947 2925; x_wconf 91' lang='lat' dir='ltr'>imo</span> 
     </span>
     <span class='ocr_line' id='line_1_22' title="bbox 548 2963 2109 3068; baseline 0 -24"><span class='ocrx_word' id='word_1_206' title='bbox 548 2969 586 3044; x_wconf 90' lang='lat'>&amp;</span> <span class='ocrx_word' id='word_1_207' title='bbox 610 2965 807 3047; x_wconf 75' lang='lat' dir='ltr'>resistentia</span> <span class='ocrx_word' id='word_1_208' title='bbox 828 2963 938 3042; x_wconf 90' lang='lat' dir='ltr'>medii</span> <span class='ocrx_word' id='word_1_209' title='bbox 964 2963 1171 3067; x_wconf 79' lang='lat' dir='ltr'>respetlivae.</span> <span class='ocrx_word' id='word_1_210' title='bbox 1231 2963 1364 3044; x_wconf 86' lang='lat' dir='ltr'>Nescio</span> <span class='ocrx_word' id='word_1_211' title='bbox 1387 2987 1463 3068; x_wconf 93' lang='lat' dir='ltr'>quo</span> <span class='ocrx_word' id='word_1_212' title='bbox 1487 2963 1591 3067; x_wconf 76' lang='lat' dir='ltr'>patio</span> <span class='ocrx_word' id='word_1_213' title='bbox 1621 2965 1726 3048; x_wconf 84' lang='lat' dir='ltr'>facias</span> <span class='ocrx_word' id='word_1_214' title='bbox 1761 2980 1832 3054; x_wconf 89' lang='lat' dir='ltr'>ut,</span> <span class='ocrx_word' id='word_1_215' title='bbox 1874 2964 1946 3044; x_wconf 90' lang='lat' dir='ltr'>sola</span> <span class='ocrx_word' id='word_1_216' title='bbox 2108 2999 2109 3016; x_wconf 25' lang='grc' dir='ltr'><strong><em>Ν</em></strong></span> 
     </span>
     <span class='ocr_line' id='line_1_23' title="bbox 548 3081 1947 3182; baseline -0.002 -20"><span class='ocrx_word' id='word_1_217' title='bbox 548 3084 726 3164; x_wconf 87' lang='lat' dir='ltr'>celeritate</span> <span class='ocrx_word' id='word_1_218' title='bbox 750 3081 854 3160; x_wconf 78' lang='lat' dir='ltr'>duna</span> <span class='ocrx_word' id='word_1_219' title='bbox 879 3083 1101 3172; x_wconf 79' lang='lat' dir='ltr'>immolem,</span> <span class='ocrx_word' id='word_1_220' title='bbox 1134 3085 1318 3182; x_wconf 86' lang='lat' dir='ltr'>pervenias</span> <span class='ocrx_word' id='word_1_221' title='bbox 1342 3083 1388 3161; x_wconf 92' lang='lat' dir='ltr'>ad</span> <span class='ocrx_word' id='word_1_222' title='bbox 1413 3085 1664 3182; x_wconf 87' lang='lat' dir='ltr'>cognitionem</span> <span class='ocrx_word' id='word_1_223' title='bbox 1702 3085 1816 3161; x_wconf 90' lang='lat' dir='ltr'>centri</span> <span class='ocrx_word' id='word_1_224' title='bbox 1843 3081 1947 3162; x_wconf 82' lang='lat' dir='ltr'>oscil-</span> 
     </span>
     <span class='ocr_line' id='line_1_24' title="bbox 546 3197 1947 3301; baseline 0.001 -21"><span class='ocrx_word' id='word_1_225' title='bbox 546 3201 716 3296; x_wconf 81' lang='lat' dir='ltr'>lationis3</span> <span class='ocrx_word' id='word_1_226' title='bbox 757 3197 837 3301; x_wconf 83' lang='lat' dir='ltr'>Ego</span> <span class='ocrx_word' id='word_1_227' title='bbox 864 3201 1044 3300; x_wconf 86' lang='lat' dir='ltr'>eleganter</span> <span class='ocrx_word' id='word_1_228' title='bbox 1087 3199 1285 3282; x_wconf 88' lang='lat' dir='ltr'>admodiun</span> <span class='ocrx_word' id='word_1_229' title='bbox 1318 3204 1356 3278; x_wconf 81' lang='lat' dir='ltr'>dc</span> <span class='ocrx_word' id='word_1_230' title='bbox 1387 3197 1616 3291; x_wconf 84' lang='lat' dir='ltr'>selicilsnne,</span> <span class='ocrx_word' id='word_1_231' title='bbox 1659 3214 1824 3282; x_wconf 88' lang='lat' dir='ltr'>centrum</span> <span class='ocrx_word' id='word_1_232' title='bbox 1852 3199 1947 3282; x_wconf 90' lang='lat' dir='ltr'>istud</span> 
     </span>
     <span class='ocr_line' id='line_1_25' title="bbox 548 3317 1946 3420; baseline 0.001 -24"><span class='ocrx_word' id='word_1_233' title='bbox 548 3323 717 3414; x_wconf 84' lang='lat' dir='ltr'>inuenio-3</span> <span class='ocrx_word' id='word_1_234' title='bbox 748 3318 923 3420; x_wconf 89' lang='lat' dir='ltr'>ponendo</span> <span class='ocrx_word' id='word_1_235' title='bbox 945 3331 1086 3397; x_wconf 88' lang='lat' dir='ltr'>tantuin</span> <span class='ocrx_word' id='word_1_236' title='bbox 1114 3320 1334 3420; x_wconf 88' lang='lat' dir='ltr'>principium</span> <span class='ocrx_word' id='word_1_237' title='bbox 1356 3319 1447 3398; x_wconf 94' lang='lat' dir='ltr'>illud</span> <span class='ocrx_word' id='word_1_238' title='bbox 1477 3317 1755 3397; x_wconf 84' lang='lat' dir='ltr'>conservationis</span> <span class='ocrx_word' id='word_1_239' title='bbox 1789 3319 1946 3419; x_wconf 80' lang='lat' dir='ltr'>eJusdeni</span> 
     </span>
     <span class='ocr_line' id='line_1_26' title="bbox 546 3435 1946 3540; baseline 0.002 -26"><span class='ocrx_word' id='word_1_240' title='bbox 546 3439 752 3540; x_wconf 90' lang='lat' dir='ltr'>quantitatis</span> <span class='ocrx_word' id='word_1_241' title='bbox 780 3439 932 3531; x_wconf 83' lang='lat' dir='ltr'>uirium3</span> <span class='ocrx_word' id='word_1_242' title='bbox 963 3439 1027 3514; x_wconf 92' lang='lat' dir='ltr'>ubi</span> <span class='ocrx_word' id='word_1_243' title='bbox 1059 3437 1097 3512; x_wconf 89' lang='lat' dir='ltr'>iii</span> <span class='ocrx_word' id='word_1_244' title='bbox 1125 3437 1296 3514; x_wconf 90' lang='lat' dir='ltr'>omnibus</span> <span class='ocrx_word' id='word_1_245' title='bbox 1323 3435 1510 3526; x_wconf 86' lang='lat' dir='ltr'>consentio</span> <span class='ocrx_word' id='word_1_246' title='bbox 1535 3461 1621 3516; x_wconf 84' lang='lat' dir='ltr'>cum</span> <span class='ocrx_word' id='word_1_247' title='bbox 1646 3435 1748 3522; x_wconf 86' lang='lat' dir='ltr'>Duo.</span> <span class='ocrx_word' id='word_1_248' title='bbox 1775 3435 1853 3515; x_wconf 91' lang='lat' dir='ltr'>Hu</span> <span class='ocrx_word' id='word_1_249' title='bbox 1869 3459 1946 3517; x_wconf 77' lang='lat' dir='ltr'>os-</span> 
     </span>
     <span class='ocr_line' id='line_1_27' title="bbox 547 3551 1946 3658; baseline 0.001 -25"><span class='ocrx_word' id='word_1_250' title='bbox 547 3581 600 3634; x_wconf 84' lang='lat' dir='ltr'>ui</span> <span class='ocrx_word' id='word_1_251' title='bbox 617 3579 665 3644; x_wconf 91' lang='lat' dir='ltr'>o,</span> <span class='ocrx_word' id='word_1_252' title='bbox 699 3551 828 3653; x_wconf 86' lang='lat' dir='ltr'>absque</span> <span class='ocrx_word' id='word_1_253' title='bbox 848 3567 889 3632; x_wconf 92' lang='lat' dir='ltr'>ut</span> <span class='ocrx_word' id='word_1_254' title='bbox 911 3552 1100 3630; x_wconf 88' lang='lat' dir='ltr'>adhibeam</span> <span class='ocrx_word' id='word_1_255' title='bbox 1121 3554 1196 3651; x_wconf 86' lang='lat' dir='ltr'>ejus</span> <span class='ocrx_word' id='word_1_256' title='bbox 1225 3553 1418 3634; x_wconf 89' lang='lat' dir='ltr'>obscumm</span> <span class='ocrx_word' id='word_1_257' title='bbox 1450 3557 1692 3658; x_wconf 90' lang='lat' dir='ltr'>principium,</span> <span class='ocrx_word' id='word_1_258' title='bbox 1725 3553 1827 3658; x_wconf 92' lang='lat' dir='ltr'>quod</span> <span class='ocrx_word' id='word_1_259' title='bbox 1855 3553 1946 3634; x_wconf 89' lang='lat' dir='ltr'>scili-</span> 
     </span>
     <span class='ocr_line' id='line_1_28' title="bbox 548 3671 1947 3775; baseline 0 -25"><span class='ocrx_word' id='word_1_260' title='bbox 548 3689 605 3751; x_wconf 86' lang='lat' dir='ltr'>cet</span> <span class='ocrx_word' id='word_1_261' title='bbox 623 3695 816 3750; x_wconf 78' lang='lat' dir='ltr'>conrnune</span> <span class='ocrx_word' id='word_1_262' title='bbox 841 3687 1007 3750; x_wconf 88' lang='lat' dir='ltr'>centrum</span> <span class='ocrx_word' id='word_1_263' title='bbox 1027 3673 1209 3771; x_wconf 81' lang='lat' dir='ltr'>grauitatis</span> <span class='ocrx_word' id='word_1_264' title='bbox 1228 3671 1378 3772; x_wconf 92' lang='lat' dir='ltr'>penduli</span> <span class='ocrx_word' id='word_1_265' title='bbox 1401 3671 1591 3775; x_wconf 91' lang='lat' dir='ltr'>compositi</span> <span class='ocrx_word' id='word_1_266' title='bbox 1619 3674 1664 3751; x_wconf 90' lang='lat' dir='ltr'>ad</span> <span class='ocrx_word' id='word_1_267' title='bbox 1682 3673 1846 3752; x_wconf 89' lang='lat' dir='ltr'>eamdem</span> <span class='ocrx_word' id='word_1_268' title='bbox 1868 3671 1947 3750; x_wconf 88' lang='lat' dir='ltr'>alti·</span> 
     </span>
     <span class='ocr_line' id='line_1_29' title="bbox 549 3787 2107 3891; baseline 0 -22"><span class='ocrx_word' id='word_1_269' title='bbox 549 3791 713 3870; x_wconf 88' lang='lat' dir='ltr'>tudinem</span> <span class='ocrx_word' id='word_1_270' title='bbox 745 3787 931 3872; x_wconf 88' lang='lat' dir='ltr'>ascendere</span> <span class='ocrx_word' id='word_1_271' title='bbox 964 3790 1130 3878; x_wconf 87' lang='lat' dir='ltr'>debeat,</span> <span class='ocrx_word' id='word_1_272' title='bbox 1171 3790 1242 3870; x_wconf 88' lang='lat' dir='ltr'>sive</span> <span class='ocrx_word' id='word_1_273' title='bbox 1258 3813 1423 3891; x_wconf 88' lang='lat' dir='ltr'>-corpora</span> <span class='ocrx_word' id='word_1_274' title='bbox 1457 3790 1658 3891; x_wconf 88' lang='lat' dir='ltr'>pendulum</span> <span class='ocrx_word' id='word_1_275' title='bbox 1693 3791 1946 3870; x_wconf 86' lang='lat' dir='ltr'>constituentia</span> <span class='ocrx_word' id='word_1_276' title='bbox 2026 3851 2033 3872; x_wconf 93' lang='lat'><em>.</em></span> <span class='ocrx_word' id='word_1_277' title='bbox 2106 3795 2107 3814; x_wconf 60' lang='lat'>¹</span> 
     </span>
     <span class='ocr_line' id='line_1_30' title="bbox 548 3905 1944 4018; baseline -0.001 -31"><span class='ocrx_word' id='word_1_278' title='bbox 548 3909 731 4010; x_wconf 88' lang='lat' dir='ltr'>separatim</span> <span class='ocrx_word' id='word_1_279' title='bbox 760 3922 1005 3997; x_wconf 89' lang='lat' dir='ltr'>moveantur,</span> <span class='ocrx_word' id='word_1_280' title='bbox 1032 3906 1102 3984; x_wconf 89' lang='lat' dir='ltr'>sive</span> <span class='ocrx_word' id='word_1_281' title='bbox 1121 3907 1243 3998; x_wconf 85' lang='lat' dir='ltr'>fimus,</span> <span class='ocrx_word' id='word_1_282' title='bbox 1269 3933 1353 3986; x_wconf 91' lang='lat' dir='ltr'>cuni</span> <span class='ocrx_word' id='word_1_283' title='bbox 1381 3908 1462 3987; x_wconf 91' lang='lat' dir='ltr'>sunt</span> <span class='ocrx_word' id='word_1_284' title='bbox 1491 3912 1530 3986; x_wconf 91' lang='lat' dir='ltr'>in</span> <span class='ocrx_word' id='word_1_285' title='bbox 1559 3909 1652 3988; x_wconf 88' lang='lat' dir='ltr'>linea</span> <span class='ocrx_word' id='word_1_286' title='bbox 1672 3907 1788 4008; x_wconf 89' lang='lat' dir='ltr'>rigida</span> <span class='ocrx_word' id='word_1_287' title='bbox 1816 3905 1944 4018; x_wconf 78' lang='lat' dir='ltr'>affinia,</span> 
     </span>
     <span class='ocr_line' id='line_1_31' title="bbox 547 4014 1946 4129; baseline 0.001 -27"><span class='ocrx_word' id='word_1_288' title='bbox 547 4026 761 4103; x_wconf 89' lang='lat' dir='ltr'>oscilleiitur.</span> <span class='ocrx_word' id='word_1_289' title='bbox 824 4014 972 4104; x_wconf 88' lang='lat' dir='ltr'>Interini</span> <span class='ocrx_word' id='word_1_290' title='bbox 991 4026 1037 4104; x_wconf 90' lang='lat' dir='ltr'>de</span> <span class='ocrx_word' id='word_1_291' title='bbox 1066 4043 1191 4109; x_wconf 87' lang='lat' dir='ltr'>centro</span> <span class='ocrx_word' id='word_1_292' title='bbox 1213 4025 1441 4129; x_wconf 87' lang='lat' dir='ltr'>percussionis</span> <span class='ocrx_word' id='word_1_293' title='bbox 1462 4024 1629 4105; x_wconf 88' lang='lat' dir='ltr'>nondum</span> <span class='ocrx_word' id='word_1_294' title='bbox 1652 4027 1817 4116; x_wconf 87' lang='lat' dir='ltr'>constat,</span> <span class='ocrx_word' id='word_1_295' title='bbox 1844 4027 1946 4106; x_wconf 87' lang='lat' dir='ltr'>anil-</span> 
     </span>
     <span class='ocr_line' id='line_1_32' title="bbox 548 4133 1945 4242; baseline 0.001 -22"><span class='ocrx_word' id='word_1_296' title='bbox 548 4143 612 4221; x_wconf 92' lang='lat' dir='ltr'>lud</span> <span class='ocrx_word' id='word_1_297' title='bbox 649 4143 691 4220; x_wconf 90' lang='lat' dir='ltr'>sit</span> <span class='ocrx_word' id='word_1_298' title='bbox 719 4201 732 4232; x_wconf 91' lang='lat'>,</span> <span class='ocrx_word' id='word_1_299' title='bbox 760 4143 867 4242; x_wconf 91' lang='lat' dir='ltr'>quod</span> <span class='ocrx_word' id='word_1_300' title='bbox 899 4143 1102 4224; x_wconf 82' lang='lat' dir='ltr'>Geometrae</span> <span class='ocrx_word' id='word_1_301' title='bbox 1135 4133 1302 4224; x_wconf 73' lang='lat' dir='ltr'>haetenus</span> <span class='ocrx_word' id='word_1_302' title='bbox 1350 4145 1645 4240; x_wconf 81' lang='lat' dir='ltr'>constituerunt3</span> <span class='ocrx_word' id='word_1_303' title='bbox 1688 4141 1945 4223; x_wconf 85' lang='lat' dir='ltr'>Lubentilsime</span> 
     </span>
     <span class='ocr_line' id='line_1_33' title="bbox 548 4257 1941 4364; baseline 0.001 -26"><span class='ocrx_word' id='word_1_304' title='bbox 548 4261 749 4349; x_wconf 89' lang='lat' dir='ltr'>concedo,</span> <span class='ocrx_word' id='word_1_305' title='bbox 782 4257 808 4334; x_wconf 93' lang='lat' dir='ltr'>si</span> <span class='ocrx_word' id='word_1_306' title='bbox 843 4282 1018 4359; x_wconf 87' lang='lat' dir='ltr'>ponamus</span> <span class='ocrx_word' id='word_1_307' title='bbox 1063 4285 1195 4364; x_wconf 86' lang='lat' dir='ltr'>corpus</span> <span class='ocrx_word' id='word_1_308' title='bbox 1216 4263 1299 4340; x_wconf 89' lang='lat' dir='ltr'>seiri</span> <span class='ocrx_word' id='word_1_309' title='bbox 1321 4263 1360 4340; x_wconf 92' lang='lat' dir='ltr'>iu</span> <span class='ocrx_word' id='word_1_310' title='bbox 1381 4261 1502 4341; x_wconf 88' lang='lat' dir='ltr'>medio</span> <span class='ocrx_word' id='word_1_311' title='bbox 1526 4286 1563 4338; x_wconf 93' lang='lat' dir='ltr'>es</span> <span class='ocrx_word' id='word_1_312' title='bbox 1592 4263 1776 4342; x_wconf 88' lang='lat' dir='ltr'>constante</span> <span class='ocrx_word' id='word_1_313' title='bbox 1809 4285 1855 4341; x_wconf 83' lang='lat' dir='ltr'>ex</span> <span class='ocrx_word' id='word_1_314' title='bbox 1884 4264 1941 4339; x_wconf 86' lang='lat' dir='ltr'>in·</span> 
     </span>
     <span class='ocr_line' id='line_1_34' title="bbox 548 4377 1945 4478; baseline 0.001 -22"><span class='ocrx_word' id='word_1_315' title='bbox 548 4382 705 4459; x_wconf 81' lang='lat' dir='ltr'>numeris</span> <span class='ocrx_word' id='word_1_316' title='bbox 747 4377 906 4478; x_wconf 86' lang='lat' dir='ltr'>globulis</span> <span class='ocrx_word' id='word_1_317' title='bbox 945 4377 1123 4476; x_wconf 85' lang='lat' dir='ltr'>aequaliter</span> <span class='ocrx_word' id='word_1_318' title='bbox 1173 4377 1432 4470; x_wconf 77' lang='lat' dir='ltr'>disseminatis,</span> <span class='ocrx_word' id='word_1_319' title='bbox 1466 4378 1687 4459; x_wconf 87' lang='lat' dir='ltr'>celeritatum</span> <span class='ocrx_word' id='word_1_320' title='bbox 1716 4377 1945 4458; x_wconf 87' lang='lat' dir='ltr'>decrementa</span> 
     </span>
     <span class='ocr_line' id='line_1_35' title="bbox 547 4492 2105 4602; baseline 0 -28"><span class='ocrx_word' id='word_1_321' title='bbox 547 4497 625 4586; x_wconf 81' lang='lat' dir='ltr'>sore</span> <span class='ocrx_word' id='word_1_322' title='bbox 652 4513 694 4575; x_wconf 90' lang='lat' dir='ltr'>ut</span> <span class='ocrx_word' id='word_1_323' title='bbox 723 4495 892 4596; x_wconf 88' lang='lat' dir='ltr'>quadrata</span> <span class='ocrx_word' id='word_1_324' title='bbox 913 4492 1160 4584; x_wconf 87' lang='lat' dir='ltr'>celeritatum,</span> <span class='ocrx_word' id='word_1_325' title='bbox 1189 4493 1381 4600; x_wconf 70' lang='lat' dir='ltr'>equalibus</span> <span class='ocrx_word' id='word_1_326' title='bbox 1404 4511 1613 4602; x_wconf 88' lang='lat' dir='ltr'>temporum</span> <span class='ocrx_word' id='word_1_327' title='bbox 1632 4497 1826 4580; x_wconf 86' lang='lat' dir='ltr'>elementis.</span> <span class='ocrx_word' id='word_1_328' title='bbox 1858 4494 1940 4578; x_wconf 90' lang='lat' dir='ltr'>Pos-</span> <span class='ocrx_word' id='word_1_329' title='bbox 2104 4565 2105 4574; x_wconf 41' lang='lat'>,</span> 
     </span>
     <span class='ocr_line' id='line_1_36' title="bbox 1865 4613 1942 4702; baseline 0.013 -11"><span class='ocrx_word' id='word_1_330' title='bbox 1865 4613 1942 4702; x_wconf 85' lang='lat' dir='ltr'>sum</span> 
     </span>
    </p>
   </div>
   <div class='ocr_carea' id='block_1_5' title="bbox 0 0 2138 5534">
    <p class='ocr_par' dir='ltr' id='par_1_11' title="bbox 0 0 2138 5534">
     <span class='ocr_line' id='line_1_37' title="bbox 0 0 2138 5534; baseline 0 0"><span class='ocrx_word' id='word_1_331' title='bbox 0 0 2138 5534; x_wconf 95' lang='lat' dir='ltr'> </span> 
     </span>
    </p>
   </div>
  </div>
 </body>
</html>
