4222 5534
251 341 1451 450 terruisti-arnennoutrrusrrsrzxtvtn.
1505 363 1575 442 259

172 565 211 631 ta
228 553 368 657 quaesrta
382 535 397 642 '‚·
426 573 559 650 nempe
582 545 627 624 ad
657 567 831 638 curvam,
864 541 995 621 scilicet
1010 567 1036 648 y
1052 539 1150 639 Ξ(
1165 581 1234 596 --
1248 499 1576 619 ιιΖθ“Ι“Ῑ-Γ-ιι’“““”Ι
1617 533 1713 624 1'697

169 697 394 840 bx‘4·¹):
425 767 454 820 c
469 715 554 816 11²⁰

99 981 105 988 ,
235 893 287 976 Ita
306 893 406 994 sides
429 893 496 971 hac
518 889 696 968 methodo
722 873 848 968 omnes
868 887 1063 968 solutiones
1076 883 1256 988 possrbiies
1272 891 1448 972 contineri
1470 889 1575 972 tunel

174 1015 216 1090 in
235 987 448 1091 uniuersum.
509 1007 590 1098 Tua
613 1023 734 1114 autem
754 1008 844 1084 mihi
871 991 988 1084 multo
1013 1009 1147 1103 majore
1174 1007 1322 1085 artificio
1354 1009 1433 1082 δι’
1423 1009 1572 1104 mgenio

175 1153 270 1229 opus
299 1129 430 1206 habere
459 1124 624 1212 videtur,
657 1140 700 1221 ut
736 1125 896 1225 analogae
919 1121 1111 1223 positiones
1135 1123 1228 1200 bene
1255 1125 1466 1203 formentur
1527 1123 1573 1200 Et

177 1241 336 1324 merctur
366 1246 458 1320 bene
480 1236 712 1348 distincteque
737 1247 893 1341 exponi,
928 1265 1013 1318 curn
1038 1237 1143 1339 possit
1167 1241 1296 1319 habere
1325 1241 1459 1318 multos
1474 1240 1572 1332 ,alios

177 1362 268 1441 usus.
329 1361 509 1440 Caeterum
532 1383 649 1454 meam
670 1360 768 1436 vides
789 1359 914 1436 itidem
944 1355 1102 1433 labssrme
1121 1376 1260 1454 patere,
1294 1357 1426 1436 etiamsr
1442 1357 1580 1434 scilicet

177 1503 256 1557 non
279 1479 378 1565 duo,
411 1475 470 1552 sed
498 1474 600 1576 plura
621 1499 739 1554 curvae
763 1475 892 1574 puntta
914 1477 953 1554 in
977 1499 1093 1563 unum
1111 1477 1299 1572 conjuntia
1318 1475 1451 1577 aliquid
1472 1473 1573 1574 praes-

177 1581 256 1676 tare
274 1583 445 1680 debeant,
478 1592 542 1670 ubi
567 1592 653 1672 Tuo
671 1589 820 1670 artificio
849 1595 903 1668 uti
930 1587 1107 1668 difficilius
1127 1591 1230 1670 foret.
1289 1593 1462 1693 Idemque
1484 1589 1574 1668 estsr

179 1716 378 1815 proprietas
410 1710 487 1812 talis
516 1707 586 1797 fit,
618 1724 669 1787 ut.
695 1711 807 1786 curra
831 1707 971 1809 quaesita
999 1731 1077 1784 non
1108 1734 1128 1786 a
1157 1709 1267 1796 reda,
1301 1724 1342 1788 ut
1370 1709 1571 1794 hactenus,

1626 634 1731 706 Mart..

183 1829 241 1908 sed
269 1830 312 1907 ab
345 1829 410 1904 alia
436 1851 543 1904 curva
580 1825 622 1904 srt
647 1825 804 1904 secanda.
865 1825 938 1912 Ubi
969 1824 1065 1900 vides
1094 1851 1233 1904 novum
1263 1826 1368 1926 plane
1406 1847 1575 1924 campum
1693 1865 1699 1881 «

181 1949 310 2048 aperiri
333 1942 522 2044 Analyseos
555 1943 677 2020 localis
700 1941 982 2042 generalissimae,
1015 1966 1083 2041 pro
1116 1961 1397 2048 quantocunque
1421 1963 1577 2020 numero

180 2063 401 2167 putidorum
424 2083 543 2138 curvae
566 2062 602 2136 δι
625 2081 693 2160 pro
718 2055 888 2148 summis,
921 2060 1157 2158 redargutis,
1190 2064 1360 2162 potentiis
1377 2063 1445 2138 &o
1470 2059 1575 2136 Non-

182 2179 272 2260 dum
296 2193 415 2256 autem
440 2173 574 2278 necesse
597 2192 716 2282 puto,
750 2191 791 2274 ut
820 2177 912 2254 hanc
937 2176 1153 2255 methodum
1179 2180 1429 2277 publicemus3
1457 2180 1576 2274 itaque
1643 2239 1645 2244 ,

182 2298 350 2393 hedenus
365 2319 442 2372 eam
467 2294 553 2371 Tibi
578 2293 643 2370 soii
666 2293 861 2392 srgrriiicare
887 2293 1073 2372 constitui:
1099 2293 1208 2393 Rogo
1229 2309 1278 2372 ut·
1294 2295 1396 2374 Tuos
1420 2292 1576 2372 calculos

181 2438 252 2518 pro
282 2415 399 2492 curvis
423 2413 493 2487 istis
522 2411 612 2516 mihi
637 2411 797 2487 distintte
824 2413 1079 2488 communices.

243 2529 343 2609 Duo
387 2527 649 2605 Merserit
675 2550 778 2624 ιιιο
815 2526 932 2626 scripfi
956 2509 1104 2615 denuo,
1154 2553 1201 2606 ne
1230 2528 1425 2630 supprimat
1468 2525 1578 2626 justis-
1629 2525 1633 2533 '

185 2648 288 2728 fimas
311 2645 496 2732 sensuras,
529 2631 721 2743 praesertim
739 2667 825 2724 cum
854 2643 945 2720 mihi
966 2642 1214 2742 significaveris
1236 2671 1314 2722 non
1337 2643 1403 2724 esse
1425 2646 1577 2732 acerbas,

186 2765 247 2844 sed
277 2763 344 2842 sale
374 2761 545 2860 conditas
605 2761 761 2841 Dudum
793 2765 828 2838 ei
854 2759 950 2840 Tuas
974 2764 1110 2861 priores
1133 2761 1233 2851 miii,
1265 2788 1364 2841 nunc
1392 2760 1430 2842 δι
1457 2763 1579 2840 alietas

185 2874 378 2960 itatim'ad
405 2903 489 2956 eum
525 2877 703 2955 destinavi.
764 2877 968 2956 Solutiorres
1002 2903 1072 2980 pro
1100 2874 1206 2956 Atre
1241 2883 1425 2976 mittam.)
1452 2879 1581 2960 Fateor

185 2997 268 3086 Te,
300 3021 377 3074 non
402 2993 473 3072 fine
497 3019 627 3094 magna
650 2997 811 3084 ratione,
843 2998 882 3070 in
906 2993 992 3074 Dni
1030 2985 1259 3074 Marchiom‘s
1288 2999 1466 3076 solutione
1506 2997 1579 3072 hre-

185 3113 286 3204 fisse,
319 3129 424 3214 atque
447 3115 555 3190 etiam
579 3109 700 3189 vidisse
723 3136 787 3212 per
805 3103 870 3190 ¹Te
890 3113 1110 3214 remedium,
1133 3116 1437 3216 quodcogitavi.
1487 3099 1580 3191 ‘th-

179 3231 358 3340 ·ficultas,
400 3253 479 3331 quae
505 3228 683 3328 superest,
704 3235 794 3305 'non
820 3231 869 3305 est
903 3227 1130 3330 spernenda,
1172 3231 1273 3332 quod
1300 3232 1431 3306 scilicet
1464 3251 1581 3306 curvat

188 3352 312 3450 portio
337 3345 379 3424 fit
393 3346 698 3439 indeterminata,
730 3347 892 3446 adeoque
928 3349 966 3423 δι
1002 3347 1180 3447 pondus'
1217 3347 1464 3446 Cogitandunr
1491 3349 1583 3420 inte·

188 3468 260 3562 rim
284 3465 475 3568 relinquo,
507 3467 655 3552 annon,
688 3464 760 3540 hoc
785 3489 861 3542 non
893 3465 1077 3551 obstante,
1109 3465 1254 3565 pondus
1277 3463 1366 3541 illud
1394 3462 1584 3564 quodcun-

190 3606 287 3684 que,
319 3603 398 3682 pro
415 3578 474 3656 illa
494 3559 664 3682 portione
684 3591 819 3668 c'urvae,
853 3601 1076 3682 quaecunque
1101 3593 1141 3660 ea
1156 3580 1218 3669 srt,
1251 3595 1292 3659 ut
1307 3581 1584 3660 determinatum

186 3697 316 3778 assumi
342 3695 457 3804 poffit
517 3693 561 3774 Et
588 3697 662 3774 hoc
685 3701 834 3776 memini
863 3721 922 3774 me
951 3700 988 3773 &
1014 3697 1104 3774 olim'
1129 3697 1200 3775 obs
1181 3695 1365 3798 servasse.
1393 3685 1584 3798 Quidquid

137 3815 259 3903 tit,
290 3810 498 3891 hrefiffemus
520 3795 635 3889 fateor
658 3837 734 3889 non
754 3817 880 3913 parum
909 3813 1126 3914 &spatium
1163 3791 1382 3892 deliberandi
1411 3839 1478 3917 pro
1509 3837 1585 3890 me-

191 3933 368 4010 ditatione
390 3932 579 4008 attentiore
603 3927 840 4030 petiissemus,
861 3928 927 4036 nisi
952 3927 1156 4008 constitisset
1181 3932 1225 4008 de
1247 3929 1424 4022 successu,
1457 3956 1520 4034 qur
1510 3926 1645 4006 ‘-'se

192 4052 245 4128 cit
271 4062 313 4128 ut
331 4048 525 4125 accuratius
549 4045 772 4146 inspicientes
796 4051 958 4123 contenti
988 4031 1054 4122 eise
1077 4046 1256 4148 possimus.

253 4165 295 4245 ln
325 4162 405 4242 Tua
433 4165 571 4240 ratione
588 4163 819 4261 perveniendi
836 4164 879 4240 ad
895 4149 1182 4256 Funisulariam,
1215 4189 1279 4267 per
1292 4159 1387 4246 viam
1409 4163 1589 4245 descensus

177 4283 369 4368 maximi,
402 4283 515 4356 miror
538 4278 747 4358 consensum
783 4295 954 4368 eventus,
988 4291 1075 4360 cum
1100 4286 1139 4360 in
1169 4285 1344 4364 methodo
1369 4283 1440 4386 ipsa
1458 4282 1502 4361 fit
1524 4279 1592 4356 dis-

195 4396 360 4483 finitas:
392 4395 632 4500 nequeenim
656 4396 734 4478 satis
752 4399 889 4504 rideo,
923 4399 1113 4498 quomodo
1142 4425 1226 4482 cum
1251 4419 1375 4482 natura
1403 4401 1505 4478 lineae
1531 4419 1594 4474 co-

696 4529 698 4536 ’
892 4513 967 4596 Kk
1028 4537 1050 4597 2
1279 4575 1283 4582 -
1412 4517 1619 4612 haereat,
