4266 5534
545 327 642 413 ,της
742 312 1799 408 couurnorunurrrrotrotrrr,

412 493 529 576 ·1696
571 479 664 556 tium
689 472 856 553 nondum
881 473 1054 550 affimare
1077 467 1245 571 poliunt,
1279 468 1379 572 quod
1398 475 1595 550 etiamnum
1618 472 1772 551 inclusus
1795 473 1846 550 est
1876 473 1969 552 cistis

435 589 504 684 Jul
574 597 611 674 δι
630 591 756 694 captis,
790 592 920 694 quibus
944 588 1225 674 veroreseratis‚
1260 612 1344 666 eurn
1368 587 1479 689 longe
1497 589 1743 691 pretiosiorem
1768 590 1970 693 deprehen·

342 711 344 716 ’
574 713 667 791 dunt
687 735 796 812 quarn
819 708 1011 809 sperabant.
1043 701 1180 786 Revera
1199 707 1297 782 enim
1321 707 1359 782 &
1383 706 1444 785 Tu
1463 710 1619 808 reperisti
1639 708 1857 787 solutionem
1880 709 1971 788 Pro-

428 899 436 906 .
573 831 759 917 blematis,
793 830 831 902 in
850 851 958 928 quam
977 841 1118 912 autern,
1152 837 1327 924 quantum
1341 827 1378 900 in
1392 823 1427 900 se
1445 828 1628 928 contineat
1657 827 1825 904 nondum
1842 827 1973 906 intros-
2030 905 2039 924 Ι

567 949 712 1050 ,ρεκίίὶὶ
754 943 934 1023 Persuasus
964 943 1044 1021 sum
1066 956 1187 1028 totus,
1221 940 1322 1040 quod
1344 941 1455 1041 longe
1482 947 1657 1041 majorem
1674 947 1791 1043 capiet
1805 945 1973 1045 volupta-

576 1079 676 1154 tem,
708 1064 773 1140 ubi
799 1064 943 1137 noveris
969 1083 1116 1138 curvam
1140 1056 1319 1160 quaesitam
1338 1056 1405 1136 elle
1424 1059 1664 1160 Cycloi'dem,
1688 1085 1797 1163 quam
1823 1086 1912 1140 cum
1930 1061 1973 1137 il-

573 1182 646 1258 lam
680 1175 864 1257 invenilles
894 1199 1139 1277 anonymam:
1170 1175 1249 1263 illa,
1283 1179 1460 1276 inquam,
1493 1178 1544 1255 est
1565 1178 1734 1278 Cyclois²
1765 1179 1811 1258 de
1839 1203 1910 1280 qua
1935 1181 1973 1254 irr

334 1379 339 1388 ,
422 1307 425 1312 ’
573 1298 679 1376 fimili
703 1299 848 1374 materia
875 1293 1140 1374 Huoeurus
1170 1291 1276 1369 aliam
1296 1293 1472 1392 insignem
1495 1298 1752 1394 proprietatem
1783 1296 1969 1384 ostendit,
2104 1375 2105 1402 ᾗ

574 1413 873 1492 ilochronismum
897 1412 1029 1488 scilicet
1052 1409 1336 1514 oscillationum3
1351 1411 1464 1512 quid,
1486 1412 1603 1512 quaelo
1619 1413 1873 1512 inexpertatius
1892 1437 1973 1490 eve-
2104 1439 2105 1477 ³

576 1535 654 1610 nire
673 1528 867 1634 potuiilet?
898 1527 961 1610 Ob
989 1529 1083 1605 hanc
1111 1531 1288 1605 rationem
1309 1540 1401 1626 puto
1428 1527 1493 1628 ipfi
1518 1553 1655 1606 nomen
1673 1527 1972 1631 Brachystochro-

577 1673 632 1728 nae
658 1675 735 1727 non
754 1647 847 1724 male
873 1651 1091 1734 convenire,
1126 1647 1163 1723 &
1181 1643 1229 1720 stc
1249 1643 1330 1721 Tua
1354 1669 1425 1746 ope
1446 1670 1550 1724 novae
1571 1643 1785 1726 accellerunt
1810 1650 1971 1750 proprie·

576 1782 664 1846 tates
691 1765 899 1868 CycloidiS,
933 1789 1017 1843 cum
1042 1762 1205 1840 ostendas
1228 1760 1326 1838 illam
1345 1759 1412 1838 elle
1440 1757 1595 1842 Lineam
1604 1757 1902 1868 figmentorum,
1935 1766 1970 1842 ἃ

577 1885 852 1982 Quadratricem
883 1898 952 1960 tuae
988 1881 1242 1976 Quadratricis.
1304 1877 1446 1956 Sciendi
1482 1881 1634 1981 cupidus
1669 1882 1773 1970 sum,
1808 1905 1880 1984 qua
1913 1885 1967 1960 via

576 2005 779 2107 perveneris
800 2002 845 2079 ad
863 2000 1080 2096 solutionem
1098 2024 1110 2092 ;
1141 1995 1321 2098 praevideo
1343 1995 1398 2074 Te
1420 1997 1478 2074 alii
1498 1998 1604 2076 alicui
1621 1997 1798 2088 institute,
1832 2023 1914 2102 quae
1929 2001 1971 2078 ab

575 2137 726 2224 utraque
750 2117 1085 2218 mearumduarum
1108 2113 1241 2191 diversa
1260 2117 1335 2192 erit
1396 2114 1496 2194 Alter
1524 2141 1624 2195 meus
1659 2115 1820 2194 solvendi
1838 2117 1969 2194 modus
2105 2127 2106 2130 ‘

577 2239 727 2343 quidem
754 2240 804 2316 est
831 2237 1041 2323 murenas,
1067 2233 1127 2310 sed
1152 2255 1263 2335 quern
1290 2230 1620 2332 duenopraete103
1644 2234 1747 2334 quod
1772 2257 1843 2312 una
1866 2257 1973 2335 opera

576 2382 639 2436 me
668 2356 818 2436 deduxit
839 2355 884 2433 ad
909 2353 1127 2431 solutionem
1144 2348 1379 2429 Problematis
1399 2347 1526 2449 Optici
1548 2349 1793 2449 elegantillimi
1818 2351 1866 2428 de
1893 2375 1973 2430 cut·

529 2482 533 2490 ’
577 2490 702 2553 vatura
733 2474 822 2550 radii
842 2475 880 2548 in
900 2471 1024 2548 medio
1047 2471 1228 2556 variante,
1260 2469 1324 2546 ubi
1349 2470 1483 2546 mirum
1509 2466 1717 2548 oonlensum
1742 2467 1864 2546 detexi
1881 2471 1973 2546 inter

579 2593 668 2672 duas
697 2592 776 2668 istas
811 2613 944 2668 curvas.
1005 2587 1124 2664 Tuam
1156 2609 1243 2663 vero
1269 2584 1477 2662 sententiam
1503 2601 1659 2686 exopto,
1692 2586 1782 2686 quid
1805 2587 1851 2665 de
1875 2603 1973 2666 utro·

579 2733 652 2810 que
674 2707 835 2783 solvendi
865 2703 980 2781 modo
1000 2703 1086 2780 Tibi
1107 2701 1267 2781 videatur
1279 2728 1291 2800 3
1324 2703 1637 2782 Construttionem
1663 2707 1770 2782 etiam
1794 2703 1881 2782 dedi
1896 2729 1974 2783 cur·

580 2847 664 2912 var,
698 2847 806 2924 quarn
833 2843 929 2897 voco
947 2813 1211 2921 fincbronam,
1245 2844 1355 2919 quam
1381 2839 1426 2896 ex
1454 2813 1639 2899 occasione
1670 2824 1800 2921 prioris
1828 2821 1974 2901 Proble-

580 2943 686 3018 rnatis
712 2941 833 3014 inveni
846 2962 858 3032 3
879 2935 1030 3012 ostendo
1052 2937 1104 3012 ibi
1132 2935 1232 3038 quod
1253 2933 1296 3014 fit
1317 2961 1449 3026 curva,
1482 2962 1562 3038 quae
1588 2940 1759 3016 omnibus
1790 2937 1974 3040 Cycloidi-
2106 3021 2107 3026 a

580 3059 649 3136 bus
675 3055 873 3134 abeodem
898 3055 1003 3131 initio
1026 3051 1209 3154 descriptis
1230 3054 1438 3132 normaliter
1455 3049 1623 3133 occurrit
1684 3051 1744 3134 Est
1771 3055 1852 3134 tane
1871 3061 1975 3136 arira·

579 3175 661 3256 bilis
683 3197 820 3268 marva3
852 3174 925 3270 ejus
944 3172 1040 3246 enirn
1060 3163 1386 3258 constructionem,
1414 3170 1527 3272 polita
1555 3169 1759 3252 extenfione
1782 3198 1885 3254 arcus
1909 3179 1975 3251 cir-

579 3293 736 3380 cularis,
769 3314 815 3369 ex
842 3286 1407 3394 contemplatione-praecedentis
1444 3292 1599 3368 materiae
1626 3287 1729 3368 facile
1763 3293 1915 3368 inveni:
1948 3290 1976 3369 fi

578 3433 668 3487 vero
690 3409 788 3484 illam
815 3411 853 3484 in
897 3404 1067 3482 abstratto
1091 3402 1347 3482 consideratam
1367 3427 1523 3504 quaerere
1542 3405 1682 3496 velim,
1713 3409 1908 3511 nequidem
1927 3406 1979 3486 ad

578 3529 819 3626 aquationem
849 3522 1118 3599 differentialem
1138 3525 1324 3622 pervenire
1347 3519 1513 3621 polsum3
1544 3523 1586 3602 ln
1612 3537 1755 3604 tantum
1780 3539 1841 3615 ut,
1859 3523 1979 3605 lihoc

579 3641 769 3722 Problenra
797 3639 964 3727 seorsim,
1000 3639 1059 3716 vel
1083 3639 1154 3716 alio
1181 3653 1375 3740 tempore,
1408 3637 1690 3742 proposuillem5
1722 3645 1884 3720 invenire
1912 3643 1978 3720 sci-

578 3759 664 3836 licet
693 3781 839 3836 curvam
858 3758 1028 3833 omnibus
1050 3756 1284 3856 Cyclo'idibus
1303 3757 1635 3858 perpendicularem
1656 3785 1669 3854 ;
1701 3763 1762 3837 vix
1784 3760 1978 3863 quisquam

579 3865 796 3953 solutionem
817 3874 900 3954 dare
919 3871 1111 3975 potuillet3
1144 3875 1233 3952 dum
1259 3899 1329 3975 ego
1353 3889 1479 3977 contra
1504 3899 1563 3954 me
1592 3901 1670 3956 eam
1697 3877 1792 3958 solus
1819 3877 1979 3981 posside-

570 4017 616 4070 re
636 3992 762 4088 J'atlare
779 3989 992 4092 potuillem:
1026 3990 1085 4067 sed
1104 3995 1217 4092 magis
1235 3993 1388 4092 publicae
1414 3993 1581 4084 utilitati,
1615 4019 1724 4096 quam
1743 3994 1813 4076 suae
1845 3996 1979 4097 gloriae

567 4106 755 4186 litandum
779 4106 914 4186 censeo.
975 4109 1132 4188 Memini
1155 4133 1213 4186 me
1242 4110 1328 4188 Tibi
1354 4109 1444 4188 olim
1470 4113 1720 4212 †generaliter
1750 4111 1981 4214 proposuisse

576 4227 737 4319 invenire
763 4247 941 4318 cruram,
982 4251 1062 4332 qua
1087 4227 1161 4312 aliis
1184 4226 1363 4332 politione
1402 4228 1492 4310 datis
1522 4244 1688 4316 occurrat
1719 4230 1938 4314 normaliter
1965 4287 1980 4318 ,

1870 4345 1985 4452 quod

613 4533 739 4622 tipit
761 4533 799 4614 v.
930 4543 933 4550 '
