4266 5534
559 347 636 425 194
704 383 708 390 -
824 327 1256 418 COMMERGIUM
1299 329 1811 422 EPISTOLICUM,“

425 467 522 553 ¹⁶96
556 486 679 586 bitur;
708 483 825 567 nolim
848 489 947 569 enim
969 483 1108 564 confilsi
1136 488 1209 562 mei
1233 484 1411 561 rationem
1430 477 1582 570 habeas,
1614 481 1838 587 ultraquam
1869 484 1959 566 Tibi

405 563 543 666 August
559 606 801 688 commodum
820 609 897 687 erit.
957 601 1189 684 Meritissrmis
1211 601 1379 682 laudibus
1393 599 1483 678 Tuis
1501 621 1574 698 ego
1592 621 1780 704 nunqnam
1806 607 1963 682 interce·

559 721 674 813 dam,
702 723 763 802 sed
784 746 903 824 praeco
924 719 1061 823 semper
1088 745 1150 798 ero
1174 721 1360 796 maximus
1421 713 1646 794 Methodum
1669 719 1767 797 illam
1783 722 1962 822 posterio-

561 861 640 920 rem
668 837 871 936 distulissem
907 838 1028 920 adhuc.
1054 835 1246 925 nonnihil,
1289 835 1317 916 si
1349 833 1435 912 Tuo
1467 829 1574 910 essem
1605 832 1716 930 loco;
1746 837 1804 916 vel
1834 837 1956 925 ideo.

561 961 646 1058 quia
667 955 770 1037 latius
795 972 916 1059 patet,
951 980 998 1033 ne
1020 953 1152 1033 scilicet
1175 955 1292 1034 statim
1314 953 1432 1030 sontes
1451 949 1520 1028 illis
1542 949 1768 1044 indicentur,
1797 957 1860 1056 qui
1875 953 1954 1056 pos·

561 1087 620 1150 tea
644 1072 872 1176 supprimunt
901 1073 1105 1160 mdicatos,
1137 1086 1200 1150 aut
1226 1075 1263 1146 in
1296 1075 1392 1146 rivos
1426 1067 1507 1148 suos
1530 1083 1704 1148 avertunt
1767 1069 1849 1171 Ego
1879 1093 1961 1150 mea

562 1187 741 1268 solutione
760 1194 881 1290 paucis
900 1191 1015 1269 verbis
1041 1187 1244 1289 seiungam
1284 1201 1425 1268 tanturn
1449 1187 1546 1264 enirn
1570 1184 1712 1276 dicam,
1745 1187 1874 1288 infigat
1898 1212 1960 1293 vc·

561 1309 673 1384 ritatis
698 1306 834 1385 indicio
861 1330 929 1383 nos
957 1307 1122 1382 eamdem
1152 1302 1314 1405 reperisse
1340 1305 1502 1392 lineam,
1533 1300 1595 1380 etfi
1619 1327 1691 1404 ego
1724 1305 1962 1382 construs'tio-

562 1447 649 1500 nem
674 1427 748 1522 ejjus
771 1425 925 1524 aliquam
946 1419 1108 1523 reperisse
1131 1436 1349 1510 contentus,
1380 1422 1585 1521 primariam
1607 1443 1628 1496 a
1647 1443 1721 1521 qua·
1746 1421 1956 1500 denomina-

564 1554 624 1618 tur
646 1564 723 1620 non
745 1541 1081 1627 animadverterim,
1111 1563 1191 1643 quae
1209 1539 1283 1618 laus
1301 1541 1339 1615 in
1359 1536 1514 1616 solidum
1535 1535 1615 1614 Tua
1639 1537 1688 1614 est
1710 1564 1726 1632 ;Ι
1753 1561 1956 1640 quanquam

565 1656 777 1736 srvidissem
805 1683 875 1758 ego
895 1641 1130 1736 Problematis
1163 1654 1239 1734 Tui
1268 1653 1583 1755 propositionem,
1616 1655 1729 1756 qualis
1757 1649 1864 1747 lunio
1891 1655 1960 1734 soit

564 1773 722 1863 inserta,
753 1772 891 1854 fuissem
913 1773 1010 1852 haud
1034 1773 1143 1850 dubie
1172 1772 1320 1849 ulterius
1342 1767 1608 1871 progressurus,
1641 1773 1679 1848 &
1694 1769 1835 1850 sortasse
1854 1776 1962 1851 etiarn

564 1907 750 1993 receptum
772 1903 907 1971 nomen
931 1886 1220 1992 deprehensurus
1253 1887 1442 1966 Habebam
1465 1889 1651 1976 eamdem,
1683 1913 1793 1989 quarn
1809 1889 1872 1968 Tu
1894 1913 1963 1989 po-

562 2011 642 2096 rris,
681 2013 924 2114 aquationem
947 2005 1240 2094 differentialem,
1279 2029 1387 2107 quam
1415 2029 1583 2084 revocare
1610 2020 1775 2106 poteram
1803 2007 1849 2085 ad
1882 2029 1962 2083 eam

560 2149 672 2227 quam
690 2129 729 2206 iu
760 2121 868 2206 Aera
891 2121 1142 2224 alsrgnaveram
1167 2121 1258 2200 olim
1278 2121 1446 2224 Cycloidi
1463 2148 1480 2217 3·
1507 2122 1566 2200 sed
1593 2121 1678 2200 talia
1701 2147 1806 2204 rrunc
1836 2127 1963 2202 animo·

559 2247 680 2321 namus
719 2242 966 2320 obversantun.
1021 2239 1229 2320 Commune
1262 2239 1409 2340 quidem
1439 2239 1511 2316 hoc
1543 2240 1711 2318 ridebam
1742 2239 1883 2342 Optico
1924 2242 1960 2318 dt

558 2361 684 2438 nostro
701 2357 943 2446 Problemati,
976 2357 1077 2458 quod
1100 2359 1293 2457 utrobique
1315 2358 1486 2457 quaeritur
1507 2359 1562 2432 via
1587 2355 1779 2446 facillima,
1795 2359 1861 2434 sed.
1875 2342 1959 2434 curn

558 2479 597 2552 in
626 2475 768 2576 Optico.
790 2491 911 2554 motus
930 2475 1119 2552 uniformis
1144 2497 1209 2575 per
1237 2472 1271 2550 se
1302 2471 1467 2552 amedio
1495 2473 1954 2575 variationem'acciper‘et,

431 2609 444 2624 ⁸
557 2592 621 2670 hic
641 2594 853 2672 acceleratus
878 2589 985 2686 eliet3
1018 2615 1116 2689 ego,
1146 2591 1283 2691 alioqui
1308 2588 1399 2668 nibil
1427 2589 1524 2667 aliud
1558 2613 1667 2690 quam
1685 2606 1872 2694 utcunque
1902 2590 1960 2668 de-

558 2707 666 2806 fungi
691 2712 868 2808 cupicas,
899 2731 978 2784 non
1001 2707 1095 2785 ultra
1124 2707 1276 2786 contuli.
1337 2706 1548 2794 Caeterum,
1583 2705 1761 2786 calculum
1786 2709 1920 2785 faciens
1946 2763 1962 2796 ,.

558 2824 688 2904 ordina
711 2826 831 2904 nasius
849 2824 927 2902 sum
946 2848 1002 2900 eas
1023 2827 1281 2924 proprietates,
1314 2847 1400 2925 quas
1418 2822 1505 2902 Tibi
1521 2821 1717 2926 tmnscripfi
1728 2851 1740 2922 ;
1773 2826 1811 2902 dc
1834 2839 1960 2932 putem

559 2939 713 3018 fimilem
733 2945 827 3025 viam
855 2941 892 3016 δε
916 2943 957 3016 in
978 2939 1059 3016 aliis.
1074 2943 1167 3018 circa
1191 2943 1347 3018 maxima
1369 2939 1532 3040 profore*

620 3057 710 3138 Non
730 3059 878 3136 memini
901 3056 1080 3156 amplius,
1112 3058 1200 3157 quid
1218 3057 1304 3135 Tibi
1319 3056 1527 3157 scripserim
1539 3059 1633 3135 olim
1656 3063 1680 3112 *¹
1708 3059 1753 3136 de
1776 3057 1964 3138 Methodo

427 3181 435 3184 “
562 3198 643 3252 mea
659 3229 675 3260 ,r
704 3199 779 3278 pro»
795 3173 1008 3252 muenienda
1027 3171 1317 3275 perpendiculari
1336 3175 1380 3250 ad
1414 3197 1539 3252 curras
1569 3176 1763 3252 ordinatim
1780 3174 1958 3277 politione

562 3291 659 3370 datas
676 3318 692 3386 3·
719 3315 826 3392 quarn
847 3313 921 3390 pro·
945 3288 1274 3368 transcendentibus
1305 3290 1420 3368 valere
1445 3313 1580 3391 negas;
1610 3317 1776 3394 rogoque
1798 3308 1841 3370 ut
1870 3291 1959 3368 indi-

564 3430 652 3493 ces,
685 3411 724 3485 in
756 3432 831 3508 quo
863 3406 1034 3486 consistat.
1096 3407 1228 3486 Saltem
1256 3406 1523 3486 accommodari
1546 3413 1681 3508 poterit
1707 3409 1755 3486 ad
1772 3407 1967 3486 transcen--

530 3564 537 3572 -
566 3522 690 3600 dentes
712 3549 835 3602 curvas
867 3529 1067 3628 aquatione
1098 3521 1394 3624 exponentialiter
1422 3540 1651 3624 percurrente
1676 3527 1781 3604 datas.
1842 3525 1889 3605 Et
1914 3525 1960 3602 sa-

565 3663 612 3719 ne
643 3639 705 3718 has
727 3665 850 3720 earum
876 3639 1115 3742 expressiones
1133 3641 1270 3740 semper
1294 3665 1362 3740 pro
1391 3639 1642 3740 persesiisfimis
1661 3643 1780 3722 habui
1813 3640 1960 3744 Expres-

562 3755 676 3838 fiones
689 3777 934 3862 percurrentes
956 3758 1050 3858 apud
1074 3782 1133 3834 me
1158 3757 1239 3836 sunt
1260 3771 1309 3836 ut·
1321 3781 1462 3858 genus3
1494 3759 1750 3866 exponentiases
1778 3759 1960 3838 nerolunt

561 3872 812 3978 perfetliffimae
825 3869 955 3954 *earum
982 3874 1122 3974 species.

620 3991 680 4070 Ad
695 3990 934 4091 synchronam
956 3990 1098 4080 Tuam,
1131 3991 1171 4067 δι
1201 3989 1249 4068 ad·
1271 3990 1441 4070 omnibus
1462 3990 1740 4093 Logaritl'rmicis
1767 3989 1967 4094 perpendi„

561 4109 719 4190 cuiatem
739 4131 815 4190 non
843 4110 893 4185 est
920 4109 1021 4208 quod
1044 4133 1102 4186 me
1136 4131 1259 4186 uoces:
1293 4109 1523 4211 perpulchras
1555 4109 1622 4191 else
1655 4136 1734 4188 non
1764 4133 1888 4208 neg0,
1919 4107 1966 4183 dc.

559 4225 615 4312 “se
632 4225 757 4328 dignas
778 4223 1064 4332 speculationes„
1089 4225 1150 4306 sed
1174 4249 1291 4332 cogor
1312 4251 1368 4308 eas
1386 4251 1406 4309 a
1426 4225 1481 4310 Tc
1504 4232 1755 4333 potius-quam
1772 4253 1796 4309 a
1810 4252 1871 4308 me
1884 4225 1968 4322 spe-

1870 4365 1965 4420 nanc.

639 4533 759 4623 aspru
785 4531 849 4603 ra.
