4292 5530
553 307 624 368 ιιι
815 293 1253 381 contragorum
1298 291 1738 380 rerarotrcurr,

403 437 498 516 1696
555 465 640 520 men
666 441 816 544 exposui
823 467 836 537 3
867 441 968 542 quod
997 439 1177 518 uideretur
1209 437 1301 516 milri
1326 437 1609 516 inconvertibilia
1636 435 1949 514 demonstrationi·

375 527 512 621 lanum·
558 561 625 639 bus
652 559 943 662 quantiscunque.

618 677 687 756 Sed
707 680 880 780 quoniam
903 677 958 754 Te
976 679 1013 753 in
1029 676 1168 753 ,nostris
1194 673 1311 750 eastris
1339 671 1474 762 video,
1508 673 1673 752 lubenter
1704 675 1948 750 communica·

431 789 434 794 ’
559 799 609 874 bo
631 799 849 898 principium
869 818 993 872 meum
1021 819 1039 870 a
1066 795 1179 892 priori
1206 789 1490 869 demonstrandae
1518 816 1608 870 verae
1635 793 1874 870 aestimationis
1901 793 1949 867 ιι-

560 919 679 1008 rium3
719 913 819 1014 quod
853 911 944 988 mihi
978 911 1015 986 in
1041 924 1218 1010 promptu
1249 906 1316 984 elle
1353 909 1540 1010 aliquoties
1569 909 1744 996 indicavi,
1788 907 1951 986 nondum

561 1049 682 1110 tamen
713 1031 881 1108 hactenus
904 1027 1072 1128 produxi.
1132 1026 1219 1104 Tibi
1254 1043 1372 1104 autern
1403 1031 1672 1106 communicare
1702 1027 1751 1104 est
1777 1025 1951 1126 frugifera

562 1153 718 1226 maxime
734 1161 835 1226 terrae
870 1143 1124 1223 commendare
1161 1168 1335 1243 granum,
1368 1159 1409 1223 ut
1432 1148 1470 1222 in
1491 1169 1661 1248 magnam
1694 1143 1854 1246 plantam
1883 1142 1952 1222 sur-

559 1283 630 1366 gat.
691 1266 828 1345 Petitur
849 1280 967 1342 autem
987 1285 1032 1338 ex
1047 1264 1230 1362 principiis
1253 1265 1409 1340 maxime
1430 1264 1554 1364 primis
1581 1265 1618 1340 &
1642 1263 1838 1350 abstractis,
1852 1287 1952 1338 nem-

560 1410 606 1486 pe
633 1387 784 1462 notione
804 1383 1004 1482 temporis,
1039 1380 1162 1482 spatii,
1195 1379 1234 1456 u
1255 1381 1412 1458 allionis,
1473 1380 1581 1458 Unde
1611 1385 1718 1458 etiam
1750 1394 1848 1480 patet
1879 1394 1953 1455 tan-

560 1519 640 1582 tum
668 1497 801 1586 abesse,
827 1513 868 1576 ut
896 1497 997 1599 quod
1018 1497 1126 1599 aliqui
1154 1510 1348 1597 putarunt,
1381 1498 1620 1602 negligatura
1650 1522 1710 1574 me
1733 1496 1853 1575 debita
1866 1513 1950 1575 tern-

558 1623 656 1722 poris
680 1617 935 1704 consideratio,
968 1629 1008 1694 ut
1031 1620 1152 1718 potius
1174 1612 1216 1692 fit
1239 1620 1351 1696 totius
1375 1617 1617 1696 aestmationis
1646 1613 1745 1692 basts.

614 1733 707 1816 Ecce
732 1735 1009 1836 Argumentum.

616 1855 720 1932 noio
739 1855 869 1931 taciens
893 1851 1070 1952 duplum,
1103 1865 1268 1953 tempore
1290 1849 1445 1952 ssmplo,
1479 1853 1529 1931 est
1555 1853 1692 1954 dupla,
1724 1850 1950 1938 virtualiter,

491 1977 493 1982 '
555 1959 705 2049 astionis
726 1972 884 2050 facientis
906 1969 1002 2045 idem
1022 1967 1176 2070 duplum
1194 1985 1358 2068 tempore
1377 1969 1517 2070 duplo;
1532 1971 1589 2050 seu
1603 1969 1781 2073 percursio
1796 1971 1951 2048 duorum

559 2089 785 2177 miliarium,
819 2095 911 2164 intra
932 2085 1084 2176 horam,
1116 2089 1165 2164 est
1191 2087 1300 2188 dupla
1319 2089 1335 2185 [
1355 2089 1577 2182 virtualiter]
1603 2089 1839 2192 percursionis
1862 2088 1953 2168 duo·

558 2231 641 2286 rum
667 2207 901 2292 milliarium,
935 2208 1026 2282 intra
1048 2205 1133 2282 duas
1158 2204 1273 2284 horas.

623 2326 683 2414 2⁰,
716 2323 820 2402 Attio
841 2323 971 2400 saciens
992 2323 1169 2423 duplum,
1201 2337 1366 2424 tempore
1376 2321 1501 2426 xduplo
1525 2381 1536 2414 ,
1570 2325 1619 2403 est
1643 2323 1771 2428 dupla,
1796 2327 1953 2406 formali·

561 2457 639 2529 ter,
675 2441 822 2519 allionis
851 2441 1011 2518 facientis
1030 2439 1198 2542 simplum
1220 2455 1385 2542 tempore
1406 2439 1559 2543 srmp103
1591 2442 1650 2522 seu
1670 2443 1850 2545 percursio
1863 2446 1953 2526 duo·

560 2583 643 2636 runa
668 2559 896 2648 milliarium,
929 2561 1020 2636 intra
1044 2559 1129 2637 duas
1151 2560 1286 2648 horas,
1321 2559 1371 2636 est
1403 2557 1534 2660 dupla,
1557 2557 1810 2662 [formaliter‚
1829 2560 1953 2666 ]per·

561 2675 730 2754 curfionis
755 2679 861 2754 unius
886 2675 1065 2764 milliaris,
1098 2669 1191 2754 intra
1208 2703 1318 2756 unam
1337 2675 1476 2754 horam.

626 2791 788 2890 3⁰.gEr
766 2817 813 2868 σο
845 2793 948 2870 Attio
978 2793 1108 2870 saciens
1143 2793 1297 2895 duplum
1324 2809 1489 2895 tempore
1520 2793 1648 2899 srmplo
1684 2799 1733 2876 est
1756 2725 1953 2904 quadrupla

561 2910 720 2990 Allionis
747 2908 906 2986 facientis
932 2908 1124 3010 smaplum,
1156 2929 1321 3014 tempore
1335 2909 1490 3012 srmplo;
1519 2913 1579 2995 seu
1593 2916 1772 3016 percursio
1795 2920 1953 2997 duorum

561 3027 793 3116 nrilliarium,
826 3031 919 3104 intra
948 3051 1057 3104 unam
1089 3029 1219 3108 horam
1250 3031 1302 3110 est
1329 3028 1528 3134 quadrupla
1555 3031 1815 3136 percursionius
1847 3039 1951 3118 unius

559 3145 739 3235 milliaris,
770 3149 862 3222 intra
884 3168 993 3224 unam
1017 3145 1154 3226 horam.

533 3298 537 3304 ·
620 3266 681 3358 4⁹.
713 3263 751 3343 Si
780 3288 848 3363 pro
875 3261 989 3362 duplo
1021 3261 1308 3344 substituissemus
1336 3265 1517 3366 triplum,
1550 3267 1816 3370 quadruplum,
1848 3275 1956 3376 quin

559 3381 706 3481 tuplum
731 3385 799 3458 &e
824 3377 1007 3481 prodiisset
1032 3381 1122 3460 attio
1155 3383 1366 3484 noncupla,
1405 3383 1612 3488 sedecupla,
1651 3390 1789 3492 25pla3
1822 3391 1861 3468 ιιι
1889 3415 1952 3491 ge-

560 3500 725 3576 neraliter
761 3513 889 3598 patet,
923 3498 1078 3576 alliones
1113 3501 1283 3578 motrioes
1315 3501 1536 3602 aequabiles,
1573 3512 1951 3610 aequitemporaneas,

560 3616 751 3750 aequalium
777 3617 993 3704 mobilium,
1026 3615 1156 3696 esseut
1181 3618 1350 3718 quadrata
1372 3619 1617 3713 celeritatum,
1652 3625 1829 3726 velquod
1855 3625 1954 3703 idem

560 3735 638 3821 est,
670 3737 708 3810 in
736 3717 887 3822 eodem,
920 3731 979 3808 vel
1004 3735 1130 3835 aequali
1160 3757 1340 3836 corpore,
1364 3738 1457 3816 vires
1479 3737 1582 3866 esse
1571 3767 1611 3818 m
1640 3742 1821 3844 duplicata
1842 3747 1971 3822 ratio·

560 3875 606 3930 ne
629 3849 860 3930 celeritatum·
920 3847 1040 3967 QE.
1073 3851 1124 3930 D
1277 3927 1295 3936 ,,

615 3965 701 4046 Hoc
724 3953 999 4082 argumentum,
1032 3992 1109 4069 quo
1137 3971 1186 4048 est
1211 3969 1352 4052 brevius
1379 3973 1417 4050 ιι
1433 3968 1588 4076 petitum
1608 4001 1668 4056 ex
1682 3981 1796 4080 magia
1819 3979 1950 4066 obviis.

557 4085 631 4162 hoc
654 4097 745 4185 puto
768 4081 846 4164 sore
871 4073 1152 4190 inerpetlatius,
1187 4090 1224 4164 ιιι
1249 4090 1446 4169 nonnullos
1478 4095 1585 4170 etiarn
1609 4094 1643 4171 se
1661 4095 1728 4172 se
1718 4122 1757 4174 ιιι
1788 4096 1953 4175 eruendo

557 4202 678 4304 aliquo
707 4205 781 4300 ejus
804 4201 1042 4300 paralogismo
1072 4206 1196 4284 frustra
1227 4205 1446 4308 fatigaturos.
1507 4209 1733 4312 Suspicamur
1761 4217 1860 4290 enirn
1881 4237 1949 4292 nos

557 4319 697 4426 deripi,
724 4319 865 4419 quoties
887 4318 1054 4398 brevibus
1082 4321 1301 4402 &facilibus
1336 4331 1555 4426 argumentis
1589 4329 1687 4409 velut
1712 4333 1951 4412 circumveni-

556 4461 651 4568 mqr.
708 4435 826 4516 Nolui
843 4448 965 4515 tamen
988 4433 1070 4514 illos
1101 4437 1242 4539 dignari
1259 4439 1327 4522 hac
1346 4443 1481 4546 liquida
1500 4446 1581 4531 luce
1605 4453 1784 4542 veritatis,
1817 4453 1880 4553 qui
1893 4439 1948 4526 ar·

1782 4579 1958 4672 gumtnlfl
