4344 5526
322 389 638 464 rarenter!
676 389 746 462 et·
783 378 1187 482 summoueret,
1210 387 1364 469 aissa.
1383 387 1479 478 vn.
1566 405 1611 482 ας

599 737 1079 830 uerrroea
1139 741 1289 830 urs.

205 947 797 1076 ununour'rrr
856 975 967 1064 nu
1026 967 1615 1067 retonsarum.

515 1215 787 1421 Responsio
829 1215 891 1326 ad
929 1215 1313 1363 praecedentem.

209 1447 266 1572 lle
283 1489 493 1587 manea.
512 1512 614 1560 aava
636 1488 879 1584 exponentialis,
907 1483 953 1574 ἒξ
979 1494 1184 1582 iruegratione
1215 1493 1397 1585 quaeritare
1427 1483 1617 1584 legaritbmi-

262 1617 309 1666 ca
337 1597 386 1664 De
408 1585 670 1678 Serieerniverfieli
680 1608 742 1682 pro
762 1585 974 1680 quadramris.
1028 1594 1079 1662 De
1104 1589 1295 1664 l'uoilemate
1319 1615 1420 1663 ntruae
1450 1585 1622 1682 equilibu-

140 1691 160 1724 ’
262 1688 360 1766 noris.
413 1695 465 1762 De
483 1695 708 1784 propagatione
735 1687 850 1762 Calculi
867 1685 1090 1780 differentialis.

272 1901 348 1996 Vir
377 1899 620 2018 Amplitinne
650 1927 695 1988 ac
726 1895 1023 2003 Celeberrime,
1053 1897 1196 1990 Fautor
1223 1897 1554 2004 Honoratifftme,

358 2168 486 2248 Uoties
511 2169 643 2249 litteras
666 2168 764 2249 Tuas
800 2167 956 2271 aspicio,
989 2171 1096 2250 toties
1116 2170 1235 2250 amilla
1265 2169 1340 2250 Tui
1369 2168 1517 2248 videndi
1543 2165 1618 2270 spes
1676 2167 1768 2249 ¹695

375 2290 556 2367 reacerbat
580 2285 771 2386 dolorem3
801 2287 926 2366 filiunt
946 2289 1043 2364 enim
1068 2289 1335 2391 prolandillrmi
1367 2290 1505 2388 ingenii
1541 2311 1615 2364 am-
1650 2257 1789 2356 linui-¹·

213 2406 312 2508 plam
331 2410 552 2508 imaginem,
586 2405 644 2484 led
671 2405 778 2508 iplius
801 2406 996 2506 Archetypi
1034 2403 1209 2487 fruitione
1238 2407 1419 2488 destituor.
1482 2405 1619 2486 Invitus

216 2525 254 2602 δι
277 2525 419 2604 invidus
444 2525 609 2624 intelligo
631 2527 812 2623 juniorem
840 2522 1039 2601 Sauuur
1059 2551 1127 2603 uu
1143 2528 1308 2606 obtinere
1327 2526 1453 2604 locum
1471 2529 1534 2627 qui
1548 2527 1616 2600 mi-

213 2643 253 2719 hi
275 2636 416 2744 paratus
439 2655 525 2731 etat
587 2641 695 2744 Siqua
723 2641 789 2720 alia
815 2640 1010 2722 commoda
1044 2643 1183 2723 occano
1204 2670 1292 2748 pace
1315 2641 1509 2746 aliquando
1536 2634 1617 2720 Eu-

212 2780 300 2868 rope
328 2757 528 2840 reconcella
553 2760 621 2851 sese
651 2761 801 2847 offerat,
834 2787 912 2841 eam
941 2759 1043 2868 avide
1068 2767 1295 2865 acciperem,
1327 2762 1354 2839 fi
1383 2760 1498 2839 modo
1530 2759 1617 2838 Tibi

213 2902 273 2956 me
296 2886 506 2984 propiorem
530 2880 721 2959 redderet:
754 2879 816 2958 hic
838 2883 935 2958 enim
955 2880 1038 2978 quia
1059 2879 1125 2958 alia
1151 2885 1305 2961 omnino
1332 2905 1437 2982 agere
1463 2879 1612 2965 debeo,

213 3019 364 3088 vereor,
387 2998 499 3110 'quod
517 3001 554 3078 &
575 2999 647 3102 iple
673 3003 824 3089 vereris,
857 3023 904 3078 ne
920 2994 1068 3080 tandem
1090 2999 1212 3080 studiis
1239 2999 1498 3080 mathematicis
1521 2997 1619 3075 uale-

209 3111 332 3195 dicere
356 3139 476 3216 cogar.

210 3381 216 3388 ι
273 3283 363 3362 Non
390 3285 497 3362 video
524 3309 593 3388 qua
612 3287 750 3363 ratione
769 3284 981 3388 quadratura
1005 3283 1128 3387 ligurae
1164 3291 1265 3388 cujus
1295 3284 1458 3364 ordinata
1487 3283 1537 3360 est
1559 3255 1617 3364 sex

215 3400 321 3504 pollet
347 3406 435 3481 citra
460 3404 584 3481 seriem
607 3405 692 3508 dari.
753 3402 790 3482 Si
818 3399 905 3483 verb
925 3407 964 3480 in
995 3403 1081 3484 serie
1106 3404 1355 3484 abstinendum
1379 3403 1422 3481 ab
1445 3399 1519 3491 tx,
1552 3427 1617 3504 per

217 3520 338 3600 Tuam
361 3522 578 3600 methodum
602 3519 834 3601 inueniuntur
865 3522 1013 3625 quidem
1043 3527 1260 3626 aquationes
1281 3520 1504 3602 destruuttrae
1539 3520 1617 3601 satis

220 3641 414 3730 ordinatae,
458 3640 530 3742 ipsa
562 3655 682 3720 autem
714 3664 795 3742 quae
818 3639 903 3718 inde
927 3645 1080 3742 emergit
1110 3641 1221 3722 Series
1252 3644 1403 3720 nonita
1433 3640 1617 3718 evidenter

221 3757 413 3858 procedit,
447 3772 488 3836 ut
508 3757 664 3860 lepofitis
686 3760 946 3862 aquationibus
975 3758 1217 3852 desttutiitiis,
1242 3749 1504 3863 aquovisalio
1526 3781 1616 3864 con·

220 3879 352 3978 tinuari
372 3875 497 3977 pollet.
558 3875 667 3970 Reue
692 3900 819 3960 mones
838 3877 940 3981 quod
963 3875 1000 3974 se
1015 3877 1185 3962 adhibere
1211 3878 1363 3956 velimus
1385 3875 1617 3978 ipsamquan-

220 3996 357 4072 titatem
384 3994 698 4094 logarithmicam,
731 3993 804 4072 hoc
828 3997 901 4084 est,
933 3994 1137 4074 ordinatam
1155 3993 1398 4084 artificialem,
1417 4019 1471 4071 res
1486 3993 1619 4096 lrmpli.

222 4111 353 4192 ciffima
376 4117 515 4191 ratione
543 4113 620 4191 fieri
642 4109 770 4215 polit:
802 4115 948 4190 interim
970 4114 1078 4190 etiarn
1102 4111 1273 4204 observo,
1298 4113 1420 4217 quod,
1444 4110 1516 4190 ime
1548 4114 1619 4191 cal.

223 4230 308 4312 eulo
337 4233 375 4311 &
401 4231 618 4311 formatione
636 4235 882 4334 aquationum
901 4229 1221 4324 delbuilitiarum,
1251 4227 1372 4336 primo
1396 4233 1531 4311 mmitu
1547 4229 1619 4312 ba-

221 4397 377 4476 beretur:
411 4364 1619 4538 menimly=xlx&x=1†z,it=-}z-·;-x

279 4553 384 4646 Tem.
416 4561 450 4650 l.
999 4564 1039 4650 D
1505 4567 1553 4666 ,θ
1571 4576 1619 4668 ἡ
