4266 5534
564 303 660 370 160'
830 293 1277 385 commitatur!
1322 293 1798 386 taritaticum,

868 571 1358 732 errororr
1413 641 1653 788 rrarr.

509 813 1139 980 'oeunourrrr
1198 873 1314 968 Ao
1374 876 1971 978 toruurrrum.

762 1289 766 1296 1
879 1123 1153 1272 Responsio
1195 1119 1259 1234 ad
1298 1119 1681 1270 praecedentem.

560 1409 614 1480 De
637 1401 752 1474 allione
766 1401 899 1469 materie
918 1399 1074 1493 gravifico
1089 1401 1122 1467 in
1143 1414 1273 1494 corpora
1293 1399 1419 1489 gravia
1473 1390 1638 1470 De'iffius
1665 1405 1701 1472 vi
1714 1393 1761 1486 Ed
1780 1402 1966 1494 mititare.

611 1509 663 1576 De
683 1491 870 1594 ellimptione
888 1502 1008 1567 virium
1028 1521 1048 1567 a
1069 1488 1179 1588 priori.
1232 1501 1284 1568 De
1304 1493 1341 1567 N
1353 1511 1707 1570 ῐΕυΠΝΤΗΤῙ
1722 1517 1758 1572 ο.
1811 1501 1860 1570 De
1880 1496 1970 1568 Hu-

609 1620 757 1678 orurr
795 1594 1042 1670 omotarionibus
1068 1593 1112 1666 ad
1147 1595 1229 1668 roa
1274 1592 1402 1666 Erudit
1459 1600 1511 1668 De
1541 1595 1968 1670 Tsourrunrusrr

604 1705 755 1868 pruztlitio
784 1703 909 1772 irrueram
945 1689 1146 1795 comparandi
1174 1717 1264 1768 arcto
1278 1690 1483 1791 parabolicos.
1546 1697 1654 1774 &aar
1687 1687 1999 1792 Bracmstoclrrom.

608 1805 673 1874 iro
704 1821 781 1869 ema.

621 2005 697 2100 Vir
718 2005 965 2128 Ampliiiune
984 2031 1102 2128 atque
1125 2001 1422 2110 coeterum,
1448 2005 1592 2098 Fautor
1613 2003 1935 2099 Honoratiffine.

416 2257 432 2315 ¹
439 2243 513 2326 69⁶
671 2255 778 2342 Ostra
812 2235 1064 2337 Controversst
1097 2251 1253 2331 omnino
1286 2269 1452 2336 naturam
1478 2251 1609 2332 referte
1636 2249 1780 2332 videtur
1811 2251 1964 2334 duarum

411 2334 490 2436 Μ’
691 2377 866 2456 linearum
885 2372 1170 2476 alymtotorum,
1203 2394 1283 2472 quae
1308 2372 1457 2475 quidem
1477 2375 1591 2473 magis
1616 2395 1659 2454 ac
1679 2371 1795 2470 magis
1813 2393 1964 2448 conver·
2108 2391 2109 2430 ι

469 2539 472 2544 -
562 2506 679 2592 gunt,
711 2517 899 2597 nunquam
914 2489 1045 2570 ¹tamen
1065 2489 1296 2570 coincidunt:
1329 2489 1377 2570 fic
1399 2489 1636 2592 discrepantes
1655 2489 1785 2567 nostrae
1819 2490 1964 2590 opinio·
2108 2497 2109 2502 '

562 2635 651 2701 nes,
684 2614 797 2693 trattu
823 2614 1016 2712 temporis,
1049 2611 1227 2688 continuo
1256 2607 1322 2686 fibi
1340 2611 1497 2688 invicem
1514 2610 1665 2711 propius
1686 2605 1890 2696 accedunt,
1924 2617 1963 2686 ut

562 2753 663 2808 nunc
680 2756 810 2832 parum
832 2729 1017 2810 distare&
1040 2727 1263 2830 inposterum
1287 2729 1406 2806 murus
1429 2726 1598 2834 distiturae
1615 2724 1824 2813 videantur,
1842 2725 1891 2800 ita
1913 2737 1963 2802 ta·

562 2869 650 2924 men
673 2863 715 2928 ut
738 2871 925 2950 nunquam
947 2869 1026 2925 non
1052 2843 1188 2946 aliquid
1208 2843 1365 2948 scrupuli
1398 2849 1493 2926 inter
1519 2843 1554 2923 ie
1585 2843 1759 2922 relilturae
1780 2839 1873 2940 lint3
1903 2839 1962 2921 led
2063 2882 2067 2893 ·

562 2966 703 3064 praestat
734 2967 1045 3048 continuationem
1079 2961 1295 3070 alymtoticae
1318 2963 1447 3042 noihae
1469 2964 1526 3042 liti
1557 2959 1819 3067 praescindere,
1855 2985 1963 3064 quam

483 3073 503 3104 ²
560 3085 602 3160 in
630 3083 812 3170 infinitum
835 3083 1048 3186 disputando
1072 3081 1297 3171 diminuere,
1329 3081 1390 3163 sed
1414 3105 1601 3184 nunquam
1621 3079 1778 3168 adimere
1797 3077 1963 3161 differen-

562 3202 682 3291 tiam,
716 3225 796 3303 quae
828 3206 900 3302 jam
925 3202 998 3279 fere
1020 3197 1225 3278 inimfibilis
1254 3201 1313 3279 est.
1342 3225 1349 3236 ·
1374 3199 1419 3278 ln
1439 3200 1538 3280 hunc
1562 3197 1673 3278 finem
1697 3171 1867 3280 hlstorice
1888 3212 1963 3275 tan·

562 3329 642 3400 tum
662 3322 841 3411 [minime
864 3344 952 3400 vero
976 3337 1016 3398 ut
1037 3317 1240 3416 objiciam]
1258 3317 1413 3396 modum
1438 3337 1669 3418 proponam,
1702 3339 1781 3418 quo
1807 3319 1962 3418 particu-

563 3431 597 3511 la
619 3433 720 3514 fluidi
740 3439 900 3536 gratifici
918 3451 1032 3516 totam
1057 3433 1154 3512 suam
1172 3437 1250 3510 vim
1278 3439 1398 3526 [cum
1423 3437 1582 3519 nostram
1611 3433 1891 3536 disputationem
1918 3433 1962 3512 ad

565 3553 734 3650 exiguam
769 3553 863 3634 hanc
894 3551 1105 3656 particulam
1124 3575 1223 3630 nunc
1253 3550 1429 3629 redactam
1451 3549 1518 3634 elle
1542 3551 1615 3654 ipse
1640 3552 1808 3651 agnoscas
1821 3552 1849 3650 ].
1864 3553 1965 3652 graui
2106 3571 2107 3582 ¹

566 3667 772 3768 imprimere
801 3676 947 3774 concipi
972 3669 1087 3772 poffit.
1148 3667 1253 3748 Hanc
1280 3671 1377 3746 enim
1402 3669 1671 3748 translationem
1701 3673 1814 3750 totius
1833 3669 1965 3750 Poten-

566 3786 647 3873 tiae,
680 3811 787 3888 quarn
816 3793 854 3866 in
882 3788 1091 3890 penultimis
1121 3789 1210 3862 meis
1232 3809 1292 3864 me
1315 3811 1394 3870 non
1413 3784 1598 3888 allegaffe,
1632 3787 1796 3888 adeoque
1824 3789 1863 3864 in
1883 3787 1965 3867 ulti-

417 3905 430 3932 ⁵
566 3905 634 3978 mis
662 3909 974 3986 ratiocinationem
1004 3900 1152 3982 mutasse
1175 3903 1288 3993 dicis,
1330 3903 1468 4008 semper
1500 3909 1650 3984 innuere
1685 3906 1812 3993 volui,
1846 3905 1887 3983 dr
1917 3903 1964 3983 fic

540 4020 544 4028 '
566 4020 699 4108 verba,
732 4047 809 4100 non
830 4040 951 4102 autern
981 4023 1293 4128 ratiocinationem
1314 4027 1460 4102 mutavi.
1521 4021 1657 4125 Utique
1678 4037 1802 4102 tecum
1833 4038 1927 4122 puto
1950 4080 1961 4112 ,

468 4163 479 4183 ,
565 4137 776 4240 particulam
804 4139 903 4218 illam
927 4141 1136 4241 repercuti,
1169 4137 1196 4215 fi
1233 4140 1359 4218 statuas
1399 4141 1481 4242 post
1520 4145 1701 4218 venientes
1734 4137 1880 4217 nonnili
1919 4164 1964 4217 ex

565 4255 753 4340 mtervallo
776 4255 898 4358 sequi,
946 4259 984 4332 &
1011 4257 1111 4330 illam
1138 4279 1218 4356 quae
1240 4281 1340 4335 nunc
1366 4259 1557 4358 impingit,
1588 4257 1693 4337 fimul
1723 4281 1765 4336 ac
1790 4259 1963 4358 impingit

563 4369 675 4462 liberd
702 4374 739 4450 do
762 4371 835 4450 fine
860 4373 937 4453 ullo
958 4369 1220 4469 impedimento
1247 4372 1376 4451 refilire
1405 4373 1514 4476 polle.
1576 4375 1715 4456 Verum
1743 4372 1960 4462 considera,

561 4478 598 4575 ti
619 4489 774 4601 placet,
806 4515 943 4572 annon.
975 4487 1103 4570 iratius
1142 4483 1418 4570 &finuofitates
1436 4517 1615 4608 potorum
1651 4493 1816 4596 corporis
1845 4491 1963 4686 graffivnis

1685 4650 1694 4662 .
1830 4632 1879 4711 po
1947 4621 1963 4687 t
