4184 5526
554 301 625 382 380
740 295 1234 382 commercium
1278 293 1800 382 EPISTOLlCUM,

391 449 485 528 1698
549 460 776 548 penetratum
797 447 943 526 constat
1004 443 1116 542 Cujus
1153 445 1204 520 rei
1227 441 1402 522 indicium
1437 443 1530 531 fuit,
1562 442 1664 544 quod
1689 441 1782 521 nitor
1811 441 1859 522 de
1881 443 1945 524 suo
2060 437 2061 450 Ν

410 539 478 632 JuL
548 567 671 666 potuit
694 567 876 665 praestare3
908 590 951 642 an
980 585 1078 640 nunc
1104 563 1217 660 magis
1236 561 1451 660 profecerit,
1484 585 1538 638 res
1561 559 1716 638 docebit
1813 575 1820 586 '

608 680 646 758 Si
668 681 809 760 Dnum.
839 671 1095 760 Marcbionem
1119 676 1468 756 Hosarrnrrun
1485 701 1619 754 novam
1643 677 1863 756 Methodmn
1878 671 1945 756 dis-

549 795 760 874 serentiandi
788 797 1047 898 postulantem,
1090 809 1131 874 ut
1159 819 1302 894 aequum
1333 797 1403 883 est,
1436 795 1481 872 ad
1510 819 1568 871 me
1592 799 1778 884 remittas,
1811 795 1942 898 isque,

549 915 652 1014 quod
671 919 731 992 vix
752 915 927 994 fallarum
953 913 1086 1002 credo,
1125 912 1220 1013 apud
1248 937 1307 990 me
1329 911 1473 1012 pulset,
1506 910 1726 1002 deliberandi
1753 913 1871 992 adhuc
1891 914 1946 990 lo·

548 1054 611 1110 cus
638 1034 712 1108 erit.
1050 1043 1055 1048 '
1960 1059 1964 1064 ·

609 1145 664 1227 Ex
690 1148 814 1226 asinali
841 1145 1013 1224 divilione
1035 1147 1210 1248 sequitur,
1243 1147 1281 1222 in
1309 1146 1624 1249 quantulacunque
1649 1159 1749 1246 parte
1767 1151 1939 1238 materiae,
2002 1139 2007 1150 ’

550 1265 650 1342 velut
664 1249 842 1342 mundum
853 1263 919 1342 elle
942 1265 1133 1366 quemdam
1158 1265 1380 1344 constantem
1398 1289 1442 1341 ex
1465 1266 1660 1342 innumeris
1679 1268 1847 1344 creaturis
1857 1293 1868 1360 ;
1887 1266 1941 1342 sed

549 1380 640 1459 illud
663 1381 780 1460 adhuc
802 1385 970 1482 quaritur
992 1405 1038 1457 an
1062 1381 1134 1458 ulla
1152 1381 1298 1484 usquam
1319 1384 1441 1480 portio
1468 1382 1571 1460 detur
1586 1373 1760 1490 materiae,
1794 1407 1876 1482 quae
1900 1384 1941 1461 ad

548 1497 653 1576 aliam
676 1501 884 1598 portionem
911 1499 1038 1575 habeat
1056 1503 1232 1574 rationem
1249 1495 1546 1597 inalsrgnabilem,
1580 1499 1638 1576 seu
1662 1522 1706 1572 an
1734 1499 1839 1577 detur
1855 1501 1940 1577 linea

546 1615 641 1691 retia
668 1618 837 1716 utrinque
868 1619 1077 1718 terminata,
1110 1613 1168 1692 sed
1202 1639 1280 1717 quae
1308 1631 1427 1692 tamen
1462 1615 1507 1692 ad
1534 1614 1638 1692 aliam
1663 1615 1793 1692 tedam
1819 1618 1941 1694 habeat
2010 1717 2013 1723 Ι

545 1733 724 1809 rationem
756 1732 955 1821 infinitam,
988 1732 1045 1808 vel
1068 1731 1205 1809 infinite
1230 1755 1385 1832 partam.
1446 1731 1489 1809 ln
1528 1729 1678 1812 Calculo
1709 1731 1785 1810 haec
1809 1721 1939 1812 utiliter

427 1865 429 1874 ’
541 1844 775 1943 assumimus3
807 1849 864 1926 sed
888 1849 975 1926 hinc
1000 1848 1256 1950 nonsequitur
1288 1862 1407 1926 extare
1433 1847 1592 1949 possein
1616 1863 1749 1928 natura.
1781 1850 1855 1930 Res
1878 1855 1938 1951 igi·
2062 1931 2063 1934 a

544 1975 605 2042 tur
630 1963 765 2042 altioris
796 1967 846 2044 est
875 1967 1062 2066 indaginis,

602 2079 707 2159 Nihil
733 2107 780 2159 ne
809 2082 905 2184 apud
928 2075 1097 2159 Batavos
1121 2081 1323 2160 intellexisti
1341 2081 1387 2160 de
1414 2083 1560 2162 edendis
1579 2076 1778 2184 Posthnmis
1800 2083 1940 2186 quibus-

543 2195 629 2274 dam
650 2197 950 2279 elabnrationibus
971 2193 1216 2303 Hageniaenri,
1248 2198 1439 2300 praesertim
1467 2193 1708 2302 Cesmothcore
1739 2227 1804 2303 per
1831 2201 1940 2280 sidera

541 2313 771 2405 ambulante,
804 2341 914 2420 quem
937 2317 1140 2396 absolutum
1161 2329 1222 2396 aut
1243 2339 1335 2417 pene
1357 2316 1559 2398 absolutum
1579 2343 1809 2421 acceperam3
1835 2321 1937 2396 item·

543 2453 615 2532 que
635 2432 680 2510 de
706 2426 897 2540 Dioprricae
923 2434 1062 2514 dudum
1090 2431 1266 2535 promissa.
1377 2455 1385 2462 ·

604 2547 805 2628 Gratissima
830 2551 1022 2652 aliquando
1046 2565 1170 2640 erunt,
1202 2571 1304 2653 quae,
1326 2550 1504 2652 utiocto,
1520 2551 1566 2630 ad
1586 2553 1811 2650 Quaelliones
1829 2576 1932 2642 meas,

542 2662 600 2740 Te
629 2668 788 2766 paratio,
832 2667 1059 2768 respondebit
1089 2667 1463 2746 Vanreuonrus.
1524 2667 1605 2768 Ego
1640 2671 1788 2774 quidem
1821 2665 1937 2772 isaaco

538 2776 728 2860 xVossro
753 2783 791 2860 &
819 2782 1192 2862 Varuauoarro
1219 2783 1492 2884 longitudinum
1514 2787 1851 2868 determinationem
1878 2813 1939 2890 per

542 2893 737 2997 Eclipsrum
759 2899 1021 2978 observationes
1048 2901 1175 2978 saliam
1199 2903 1494 3004 impugnantibus
1518 2906 1668 2982 minime
1694 2910 1863 2984 omniurn
1892 2906 1939 2982 as-

542 3011 677 3092 sentior
689 3041 700 3110 3
732 3013 808 3092 fieri
827 3031 946 3095 tamen
981 3019 1122 3118 potest,
1155 3037 1196 3098 ut
1215 3019 1260 3095 ab
1291 3016 1590 3099 observatoribus
1620 3021 1666 3100 ad
1695 3021 1776 3102 lom
1801 3039 1938 3100 remota

543 3130 774 3209 tendentibus
797 3157 933 3236 errores
953 3159 1075 3232 graves
1100 3133 1249 3230 subinde
1271 3132 1339 3212 lint
1363 3135 1524 3225 admissi,
1556 3140 1594 3214 ἃ
1622 3142 1772 3218 memini
1795 3135 1938 3244 AEghs

543 3243 654 3322 fidem
674 3247 847 3350 derogare
874 3250 1193 3332 observationibus
1216 3250 1428 3354 quibusdam
1449 3253 1662 3354 Jefititarum
1688 3247 1880 3333 Gallorum
1893 3255 1936 3332 ad

323 3397 337 3412 ·
485 3455 491 3464 ,
540 3353 718 3462 Siameise
739 3389 896 3466 regnum
920 3385 1002 3447 ante
1024 3390 1138 3456 annos
1159 3369 1297 3470 aliquot
1313 3369 1548 3450 tendentium
1608 3371 1712 3450 Talia
1734 3397 1824 3472 ergo
1854 3397 1936 3450 cunr

540 3475 746 3674 ἓητΡΓεέὶί,
780 3483 990 3585 diligentem
1013 3499 1195 3565 merentur
1222 3483 1479 3566 disculliouem.
1540 3486 1656 3584 Quod
1669 3489 1836 3592 ,superest
1850 3489 1938 3568 Vale

635 3621 707 3675 ave.

589 3785 720 3864 Dabam
744 3795 915 3868 Hanooerae
933 3791 980 3896 g}
1003 3795 1083 3893 Julii
1106 3801 1214 3884 1698.

1565 4009 1810 4094 Deditillimur

1268 4161 1271 4166 ·
1436 4127 1543 4213 G.G.
1575 4129 1888 4210 Laronia-rus.

883 4311 1059 4426 Responsto
1081 4319 1136 4400 ad
1150 4317 1245 4405 banc
1272 4314 1464 4434 &stolam
1485 4324 1585 4432 deest.

1776 4532 1851 4624 ΕΡ
1858 4535 1882 4622 1
1887 4531 1931 4622 S-
