4222 5534
855 172 859 230 l

177 426 183 436 Ι
280 323 590 400 aninum!
623 314 1450 413 nunnanovzzil‚iirrrr.iit11l
1517 331 1588 418 24³

182 453 260 550 l'am
285 475 323 550 in
360 457 685 552 Sarrano'ars
718 471 930 560 solutione,
963 469 1135 569 colligere
1157 473 1293 578 poteris
1322 496 1368 550 ex
1400 471 1466 561 iis,
1505 495 1606 574 qua.
1642 449 1737 583 159}
1892 481 1896 492 “

178 587 349 670 Domino
385 590 700 697 Hosne-amo
732 589 918 690 respondi,
966 607 1124 690 quorum
1156 585 1274 668 studio
1310 590 1590 692 descriptionem
1653 591 1746 666 Febr.

178 711 333 797 retinui,
360 733 407 786 ne
430 710 524 788 forte
544 709 610 786 alia
631 731 739 809 quam
754 730 834 808 quse
855 727 976 786 resera
998 707 1136 805 objeci,
1168 706 1260 783 milri
1281 703 1405 806 affingi
1423 703 1582 808 pollent:

175 821 235 906 En
260 840 381 905 autern
404 826 551 928 propria
570 851 653 915 mea
669 829 800 914 uerba,
840 839 883 902 ut
905 825 1047 918 videas,
1077 848 1124 902 an
1147 824 1236 926 quid
1252 822 1333 902 infit
1354 827 1492 900 veritati
1507 845 1585 900 non

178 943 469 1022 consentanetun.
528 937 572 1033 Ie
592 939 928 1044 fanthasmata,
972 963 1043 1047 que·
1075 940 1125 1016 les
1148 940 1262 1046 lignes
1276 989 1281 998 -
1294 965 1361 1048 que
1397 931 1584 1044 Monstrat·
1668 961 1670 972 ·

178 1059 240 1138 Se
255 1087 277 1138 u
291 1055 571 1166 vaunfirppost
592 1063 731 1166 crupe'es
749 1085 793 1135 en
814 1060 910 1142 deux
937 1049 1158 1164 galement,
1189 1061 1260 1138 &0

241 1178 422 1258 Caetemm
442 1179 599 1279 perbene
624 1178 813 1256 observasti
837 1181 874 1253 in
895 1177 1214 1256 Snuvnsoars
1236 1175 1415 1258 solutione
1438 1171 1583 1278 neglec-

176 1310 262 1374 tum
283 1319 377 1374 verae
398 1295 563 1374 methodi
591 1293 886 1382 infinitefimalis,
919 1295 1009 1374 dum
1039 1293 1100 1370 ille
1136 1294 1331 1374 confundit
1359 1296 1584 1374 diuersorum

177 1413 361 1514 gradmm
384 1409 662 1506 differentiales3
694 1411 887 1512 aliquando
917 1411 1050 1488 scilicet
1079 1407 1351 1490 differentialem
1378 1416 1585 1516 quantitatis

177 1530 319 1608 infinite
343 1553 460 1630 parsae
483 1553 569 1608 oum
609 1527 834 1606 differentiali
858 1529 1063 1629 quantitatis
1087 1527 1224 1618 linitae,
1264 1553 1343 1630 quae
1370 1530 1451 1610 duae
1479 1530 1584 1607 diffe-
1668 1523 1670 1526 ’

177 1647 344 1726 rentiales
363 1647 409 1724 ad
430 1648 623 1727 minimum
639 1669 715 1724 uno
737 1645 853 1745 gradu
873 1645 1067 1723 differunt:
1090 1645 1295 1748 responderi
1314 1647 1460 1749 quidem
1482 1647 1588 1750 polle
1735 1649 1741 1661 ’
1873 1624 1890 1650 ⁸

175 1763 405 1865 ipserum,
438 1759 545 1865 quod'
560 1765 771 1864 quantitates
801 1762 907 1840 finitae
932 1761 1150 1864 quandoque
1186 1759 1328 1842 differre
1359 1761 1490 1866 poffint
1513 1765 1584 1846 dif-

173 1880 354 1966 ferentiali
382 1879 526 1958 secundi
552 1879 705 1980 gradus,
737 1880 795 1956 sed
820 1878 857 1955 id
889 1879 956 1956 isto
981 1879 1067 1956 loco
1097 1905 1174 1958 non
1208 1882 1386 1983 quadrat,
1420 1883 1485 1960 nifi
1516 1888 1589 1967 lta«

176 2010 300 2078 natur
317 1997 470 2096 angulus
491 1995 589 2076 une
611 1994 696 2098 [in
720 1995 780 2096 fig.
805 1994 945 2095 prima]
969 1994 1136 2074 infinities
1162 2000 1300 2104 infinite
1321 2023 1461 2098 parvus.
1502 2002 1585 2106 Ορ,

175 2121 268 2194 tima
288 2113 380 2190 mihi
404 2113 546 2192 videtur
568 2113 651 2203 via,
684 2113 830 2213 quando
854 2111 988 2214 aliquid
1019 2115 1253 2212 quaerendum
1286 2119 1381 2196 circa
1407 2123 1594 2224 quantita.-

175 2248 232 2312 tes
254 2231 369 2310 finitas
389 2227 427 2306 &
449 2230 587 2308 infinite
606 2255 754 2334 parvas,
786 2243 827 2307 ut
851 2232 973 2330 primo
1000 2247 1128 2307 onmes
1145 2237 1360 2333 quantitates
1388 2241 1586 2318 statuemur

176 2350 311 2438 linitae,
343 2361 384 2426 ut
418 2347 478 2426 hic
500 2347 597 2435 BF,
630 2371 739 2448 quam
772 2345 1032 2424 contiderarem
1068 2361 1240 2448 tanquam
1270 2350 1451 2450 linitam3
1490 2357 1595 2436 unde·

175 2467 368 2546 communi
391 2465 506 2542 modo
529 2463 737 2566 indagarem
763 2462 999 2565 quantitatem
1018 2464 1142 2564 anguli
1158 2459 1310 2552 FBD:
1344 2496 1420 2574 quo
1443 2497 1603 2572 ganeam.

177 2583 263 2664 liter
286 2581 463 2683 cognito,
495 2580 553 2658 iac
569 2578 608 2656 in
630 2579 833 2682 aequatione
856 2577 1069 2673 Bee-o,
1103 2583 1141 2658 u
1160 2580 1212 2668 fis
1232 2589 1395 2691 prodiret
1415 2593 1592 2691 quantitas
1728 2609 1732 2617 ·

177 2701 304 2802 anguli
330 2699 357 2778 F
368 2697 476 2792 BD3
509 2700 547 2774 &
576 2719 640 2797 pet
675 2693 898 2800 consequens
936 2697 1066 2799 politio
1094 2697 1227 2795 lineae,
1260 2731 1371 2810 quana
1404 2705 1598 2787 Dominus

13 2815 18 2824 '
178 2818 447 2897 Sanvnson
471 2817 597 2917 quaerit
616 2835 686 2917 pro
714 2831 884 2916 tangente
903 2839 1021 2894 curvae
1051 2815 1132 2901 suae.

237 2935 390 3033 Largior
409 2933 557 3033 quidem
578 2933 618 3009 in
641 2934 736 3022 istis,
769 2957 849 3035 quae
875 2933 976 3012 dedit
987 2933 1176 3020 Dominus
1203 2942 1475 3024 Santonon
1493 2944 1590 3024 rnul-

176 3067 260 3134 tum
283 3053 420 3152 ingenii
450 3053 689 3130 &acuminis
716 3049 845 3140 inelle,
878 3064 980 3153 patet
1011 3071 1132 3136 tannen
1151 3065 1259 3138 mam
1288 3063 1391 3140 illum
1419 3063 1589 3142 nondum

174 3169 353 3274 polirdere
371 3171 567 3270 genuinam
586 3167 803 3248 methodum
825 3168 909 3250 talia
931 3176 1123 3266 metandi,
1156 3177 1216 3256 sed
1240 3177 1337 3280 quasi
1367 3180 1405 3253 in
1430 3181 1587 3256 tenebris

178 3289 350 3390 palpare,
384 3309 467 3364 cum
490 3285 672 3363 interdum
692 3303 826 3388 quaerat
845 3313 913 3390 per
933 3291 1061 3395 longas
1088 3296 1255 3394 ambages
1271 3293 1373 3397 quod
1400 3319 1478 3372 uno
1499 3297 1588 3376 duo:

176 3419 223 3484 tu
247 3403 372 3483 calami
396 3401 530 3480 absolvi
555 3405 702 3504 potest3
733 3405 820 3484 teste
849 3407 1082 3488 ¹Problemate
1115 3411 1329 3512 aequilibrii,
1361 3415 1385 3464 '⁵
1414 3413 1516 3514 quod
1547 3416 1588 3492 in

178 3521 260 3604 calu
284 3517 559 3620 limphcillnno,
591 3523 673 3624 poli
694 3543 747 3618 27
768 3526 958 3627 analogias
984 3529 1180 3622 institutas,
1211 3530 1379 3607 nondum
1408 3527 1587 3610 adfinem
1610 3607 1612 3611 .

177 3639 375 3746 perducere
396 3652 560 3738 poterat,
593 3664 679 3718 cum
700 3653 823 3722 tamen
846 3645 900 3722 nil
921 3644 1062 3722 facilius
1090 3644 1225 3733 luerit,
1258 3645 1343 3724 licet
1373 3648 1586 3746 generaliter

177 3769 428 3860 proponatur·
477 3755 626 3832 interim
649 3771 728 3836 non
755 3761 885 3840 dubito
913 3763 1057 3862 egregia
1080 3763 1124 3842 ab
1156 3785 1201 3840 eo
1224 3762 1414 3865 exspetiari
1446 3761 1583 3866 polle,
1692 3869 1694 3874 ι

177 3874 217 3952 li·
230 3873 345 3952 niodo
367 3875 507 3951 strenue
529 3873 624 3954 hisce
643 3899 766 3955 vamre
784 3878 880 3956 velit.
941 3879 1000 3958 An
1018 3877 1061 3957 lit
1081 3883 1119 3957 in
1145 3879 1336 3958 Academia
1348 3881 1585 3962 Scientiarum
1646 3967 1653 3974 ,
1844 3944 1850 3958 ,

84 4095 91 4104 .
175 3996 340 4094 ignoro:
372 4005 464 4092 puto
487 4004 710 4072 tamennon
737 3993 826 4091 elle,
860 4019 946 4074 cum
973 3999 1072 4072 enim
1106 3989 1251 4100 Parifiti
1272 3995 1408 4088 ellam,
1442 4023 1489 4076 ne
1516 4023 1585 4076 no-

173 4097 263 4188 men
288 4108 435 4212 quidem
457 4112 672 4190 audiveram.
732 4113 826 4209 Quis
840 4113 911 4203 iit,
945 4113 1079 4216 quidve
1102 4117 1261 4192 muneris
1285 4131 1386 4216 gerat
1406 4141 1452 4193 ex
1467 4113 1585 4194 Hos·

176 4227 398 4330 elergero
425 4227 615 4308 resciscam.
675 4229 796 4332 Ipsum
826 4233 931 4310 circa'
944 4222 1091 4311 Ludum
1111 4223 1255 4332 Baffetae
1286 4232 1419 4336 aliquid
1441 4231 1585 4310 Mathe.
1748 4297 1752 4306 .

175 4347 308 4462 matice
326 4326 427 4424 inille
447 4345 662 4440 meditatum
685 4348 907 4446 nesciebam
931 4349 978 4428 id
972 4349 1121 4546 Hvildere
1149 4363 1342 4451 optarem3
1373 4373 1458 4427 narn
1489 4343 1585 4426 Fra-

1110 4485 1142 4546 a
1490 4527 1492 4533 .
1527 4483 1585 4542 rer

266 4627 286 4668 ⁸
301 4637 345 4699 De
360 4653 415 4718 qm
435 4633 522 4718 Epist.
539 4629 602 4700 vll.
