4168 5524
206 310 1576 420 n'rrarrrrrruraannourrrr,errsutrooof11.433²

150 469 332 552 essentiam
359 472 476 561 casei,
512 468 644 563 idest,
677 497 723 552 an
741 473 807 552 smt
825 473 863 551 id
878 533 895 562 ,.
922 473 995 551 srn'e
1023 498 1097 576 quo
1135 474 1252 553 caseus
1285 479 1365 552 rion
1395 473 1479 551 esset
1506 499 1564 553 ca·
1604 453 1709 573 139⁶

151 589 253 668 leus?
300 593 354 670 An
380 614 466 668 vero
490 590 557 668 smt
586 606 726 670 tantum
750 593 795 667 de
823 591 1011 671 substantia
1036 597 1222 691 peregriua
1250 593 1458 670 adeaseum
1484 617 1561 669 non
1595 577 1598 582 ¹
1627 555 1723 630 Febr·

154 709 390 812 pertinente?
422 709 732 807 quemadmodum
760 709 921 810 plerique
952 711 1166 786 arbitrantur
1189 713 1351 809 generari
1389 734 1434 786 ex
1459 709 1561 788 serni-

151 829 257 903 nibus
280 853 300 904 a
328 825 481 913 muscis,
514 826 712 910 culicibus,
745 826 889 926 aliisque
913 826 1050 903 inseetis·
1075 829 1114 901 in
1139 826 1278 905 caseum
1304 825 1499 928 asportatis.
1587 813 1591 823 ’

211 945 249 1020 Si
269 967 443 1030 vacuum,
468 957 635 1030 atomus,
667 943 806 1043 aliaque
829 944 866 1019 id
885 965 999 1043 genos
1023 941 1153 1018 divinae
1172 943 1351 1043 sapientiae
1375 966 1453 1020 non
1475 943 1556 1023 sunt

92 1085 94 1090 ’
154 1060 415 1147 consentanea,
448 1085 494 1135 eo
516 1045 699 1160 ipsosane
723 1084 763 1137 ea
794 1063 835 1138 da·
850 1058 1077 1160 impossibilia
1107 1059 1299 1137 crederem.
1363 1061 1556 1161 Quidquid
1618 1095 1621 1102 ’

155 1192 334 1277 repugnat
354 1175 426 1252 Dei
452 1176 655 1276 sapientiae,
689 1181 763 1273 eius
787 1181 894 1256 etiam
919 1181 1090 1280 potentiae
1124 1194 1310 1276 repugnat.
1375 1177 1555 1259 Attributa

154 1299 253 1370 enim
276 1294 349 1372 Des
372 1295 451 1372 sunt
476 1292 548 1394 ipse
570 1293 682 1372 Deus.
743 1294 871 1382 Secus,
905 1292 1052 1373 ereus
1069 1292 1192 1395 posset
1219 1295 1358 1382 facere,
1392 1320 1472 1395 quae
1500 1295 1554 1372 in-

154 1411 320 1511 fipienter
358 1412 417 1488 vel
445 1411 690 1510 imprudenter
712 1411 801 1488 fana
829 1408 960 1498 essent,
992 1410 1093 1489 Deus
1121 1428 1196 1488 non
1225 1412 1321 1488 foret
1350 1412 1554 1512 persedus,

153 1531 238 1628 quia
261 1527 296 1604 se
319 1529 436 1627 ipsum
470 1527 718 1631 impegfetlum
745 1527 936 1621 redderet;
968 1528 1147 1628 Adeoque
1173 1532 1336 1629 potentia
1365 1531 1401 1604 ἃ
1423 1527 1557 1629 sapien-

153 1649 203 1723 tia
242 1644 401 1734 Divina‚
433 1669 628 1745 earumque
660 1645 821 1743 objetla,
854 1644 996 1720 nonnisi
1030 1650 1167 1721 ratione
1196 1647 1234 1721 du
1267 1646 1405 1722 diverso
1435 1649 1559 1723 conci-

155 1763 280 1861 piendi
305 1764 419 1839 modo
439 1761 618 1839 differunt
638 1787 652 1839 ι’
680 1765 720 1838 in
743 1761 828 1839 Deo
850 1785 936 1838 vero
959 1765 1179 1863 neutiquam.
1239 1761 1342 1840 Deus
1369 1785 1414 1838 ex
1442 1755 1559 1839 inlini-

152 1884 198 1956 tis
227 1878 548 1982 possibilibusnon
569 1879 697 1978 eligit,
730 1877 790 1956 led
813 1878 920 1976 elegit
939 1881 984 1955 ab
1014 1895 1147 1956 aetemo
1163 1905 1186 1974 3.
1207 1881 1281 1956 imo
1304 1883 1425 1956 omnia
1450 1877 1557 1979 polir-

154 1996 238 2074 bilia
258 1997 368 2095 elegit
383 2051 649 2084 .......
680 1995 796 2072 idest
824 1995 1011 2094 praevidit,
1045 1996 1230 2081 decrevit,
1265 1997 1323 2072 vel
1347 1996 1552 2073 ordinavit:

153 2135 232 2214 quae
254 2117 351 2191 enim
376 2137 453 2188 uon
478 2114 659 2202 decrevit,
692 2113 752 2188 illa
772 2115 809 2188 &
833 2111 897 2212 ipsr
914 2111 999 2197 Deo
1027 2112 1106 2191 sunt
1123 2111 1350 2213 impossibilia
1364 2138 1390 2207 3¹
1411 2115 1553 2214 quia-in

152 2230 187 2306 se
213 2229 429 2331 impossibile
462 2232 511 2307 est
535 2229 595 2308 sua
619 2230 760 2308 decreta
789 2239 988 2324 revoca're;
1035 2231 1115 2307 alias
1145 2230 1208 2306 fibi
1238 2256 1314 2308 non
1345 2232 1550 2318 constaret,

153 2347 309 2454 &soret
336 2348 527 2428 mutabilis.
559 2348 629 2425 Sed
654 2345 868 2424 transeamus
891 2345 994 2433 haec,
1028 2349 1064 2421 de
1089 2347 1284 2424 decidenda
1310 2346 1552 2448 relinquamus

152 2453 384 2565 Theologis‚
421 2465 467 2541 n'e
503 2465 550 2540 ad
580 2467 780 2542 intricatam
808 2463 1126 2563 praedestinationis
1153 2462 1385 2563 quaestionem
1416 2462 1556 2540 delaba-

155 2605 237 2658 mut
262 2607 271 2658 ε
300 2582 443 2660 nollem
478 2585 576 2658 enirn
608 2582 759 2672 Tecum„
784 2579 983 2678 Religionis
1010 2594 1189 2657 certamen
1219 2583 1317 2656 inire.
1380 2577 1560 2659 Demons-

154 2698 322 2777 trandum
346 2685 457 2799 igitur
482 2699 613 2788 restat,
643 2698 744 2801 quod
761 2719 915 2774 vacuum
941 2695 1091 2800 perinde
1113 2720 1155 2773 ac
1179 2699 1309 2784 atomi,
1337 2697 1421 2775 licet
1445 2697 1556 2773 relin-

155 2831 269 2916 quant
293 2815 371 2894 loca
395 2817 542 2904 sterilia,
576 2813 660 2891 ideo
682 2830 845 2914 pugnent
865 2837 950 2891 cum
970 2813 1136 2913 sapientia
1150 2812 1293 2892 Divina.
1326 2813 1428 2909 Quid
1443 2814 1557 2890 enim?

154 2931 181 3008 fi
205 2933 333 3034 aliquis
356 2933 490 3010 diceret
504 2932 611 3010 talem
630 2931 847 3008 sterilitatem
869 2917 1095 3008 necessariam
1114 2928 1218 3008 soille
1241 2932 1285 3008 ad
1309 2947 1453 3008 motum
1472 2954 1557 3029 pro·

155 3047 385 3136 ducendum,
421 3050 476 3126 vel
500 3052 698 3148 generatim
716 3047 760 3124 ad
781 3045 926 3148 systema
953 3048 1082 3125 mundi
1104 3048 1309 3124 creandum.
1341 3047 1434 3124 Ante
1449 3070 1555 3124 mun-

155 3164 244 3242 dum
267 3167 482 3254 conditum,
515 3179 641 3266 prater
665 3164 816 3257 Deum,
843 3163 933 3240 nihil
952 3168 1076 3264 utique
1094 3179 1185 3241 erat:
1219 3164 1381 3264 adeoque
1396 3178 1469 3239 erat
1486 3165 1551 3240 ste-

155 3281 262 3358 rilitas
290 3283 518 3372 universalis,
551 3279 619 3382 [sr
640 3283 688 3358 ita
714 3281 817 3382 loqui
836 3281 886 3358 las
907 3282 982 3358 est:
1014 3279 1037 3382 ]
1056 3285 1127 3378 jam
1156 3304 1273 3367 vero,
1307 3280 1332 3355 sr
1362 3279 1437 3357 haec
1466 3303 1552 3357 cum

155 3396 228 3475 Dei
244 3397 409 3498 sapientia
428 3423 505 3477 non
524 3402 725 3498 pugnavit,
756 3423 822 3475 cur
850 3399 977 3475 sterilia
992 3399 1163 3498 'quaedam
1196 3401 1325 3494 exigua
1353 3411 1550 3496 pugnent,

156 3537 232 3592 non
259 3516 336 3592 satis
360 3531 465 3617 patet.
525 3516 696 3595 Preterea
728 3513 858 3592 srloca
884 3515 1014 3592 dantur
1042 3537 1180 3602 vacua,
1214 3537 1289 3589 non
1320 3514 1404 3591 ideo
1436 3515 1553 3592 statim

157 3629 237 3709 sunt
262 3634 412 3727 sterilia3
444 3633 557 3709 sterile
580 3638 677 3709 enim
697 3631 863 3733 estquod
886 3624 1013 3707 inutile
1032 3631 1104 3707 est:
1122 3629 1180 3706 illa
1195 3645 1315 3706 autem
1331 3630 1434 3708 suum
1450 3630 1554 3708 usum

158 3748 321 3838 habent,
354 3750 454 3827 ficuti
476 3753 558 3849 pori
585 3752 624 3824 in
658 3748 829 3848 spongia,
864 3749 902 3824 ἃ
935 3747 1111 3824 foramina
1135 3749 1172 3822 in
1208 3750 1305 3834 reti,
1338 3748 1397 3824 vel
1435 3751 1556 3825 cribro

159 3871 312 3942 omnino
338 3867 418 3944 suut
442 3863 626 3942 necessaria
654 3865 698 3942 ad
727 3865 829 3943 usum
862 3887 975 3964 quern
999 3865 1160 3962 praestare
1184 3863 1337 3940 debent.
1399 3861 1560 3944 Difficile

161 3983 271 4082 igitur
297 3985 539 4062 demonstratu
558 3979 623 4057 elle
645 3997 756 4081 puto,
790 4003 898 4058 vacua
928 3981 965 4056 δι
985 3993 1126 4068 atomos
1141 4003 1302 4080 pugnare
1320 4005 1405 4060 cum
1425 3980 1560 4082 sapien·

54 4185 61 4194 ,
158 4105 207 4178 tia
234 4102 380 4191 divina,
414 4103 451 4177 δι
478 4113 578 4175 tanto
608 4094 808 4186 difficilius,
841 4100 923 4198 quia
945 4098 1019 4194 ejus
1036 4095 1184 4174 linea&
1210 4095 1310 4198 scopi
1332 4123 1458 4176 omnes
1485 4098 1559 4175 fere

156 4242 227 4302 nos
257 4218 376 4296 latent.
438 4212 630 4309 Qurdtsr
671 4213 808 4313 semper
850 4213 982 4291 miseri·
1002 4237 1070 4290 nos
1097 4213 1264 4290 homines
1294 4216 1452 4313 judicare
1486 4214 1560 4290 vel-

158 4332 275 4412 lemus
301 4337 345 4411 ab
366 4337 407 4410 iis
432 4355 511 4434 quae
538 4332 667 4416 nobis,
701 4332 794 4406 bene
817 4329 977 4418 maleae,
1005 4330 1203 4434 prudenter
1233 4329 1290 4408 vel
1313 4330 1559 4431 imprudenter

159 4450 246 4527 aaa
270 4450 467 4538 videntur,
500 4447 589 4548 quid
613 4445 686 4526 Dei
706 4445 880 4548 sapientiae
901 4448 1116 4544 conveniat,
1147 4446 1236 4550 quid
1257 4449 1484 4543 non3dicere
1499 4445 1562 4522 de-

220 4559 322 4644 Tom.
354 4562 386 4644 1.
888 4564 906 4644 1
935 4567 948 4642 i
977 4566 991 4644 i
1400 4565 1564 4643 beremua
