4222 5534
199 378 206 402 ἓ
292 289 1414 390 tarbnrrrranuranountrnernnust.
1513 305 1584 386 283

182 465 265 526 ante
292 449 475 537 triduum,
508 453 630 550 accepi
659 451 794 530 ‘litteras
825 451 911 532 Dni.
959 455 1373 539 Meniuu11,‘una
1408 473 1492 528 cum
1518 475 1580 530 eo·
1629 467 1725 546 1697

182 566 265 641 dem
293 565 497 664 fragmento
522 568 559 640 ἃ
580 565 711 664 liguris.
774 569 995 647 schediasma
1018 565 1161 646 Fratris
1185 568 1357 669 quodibi
1384 566 1534 646 habetur
1562 623 1574 653 ,
1643 563 1722 656 Jun·

179 681 264 758 sacit
280 696 321 758 ut
349 685 396 758 ita
413 695 582 784 prompte
609 683 695 760 Tibi
720 685 965 786 respondeam.
999 710 1048 763 .·.
1082 746 1090 763 .
1123 681 1173 762 ,ἶ
1205 743 1381 762 .....
1467 744 1473 752 ,

178 913 316 990 Suntne
336 912 412 992 haec
435 914 493 992 illa
514 915 626 1014 longe
654 914 855 996 difficiliora
877 978 887 1007 ‚
922 921 967 996 de
985 921 1116 1020 quibus
1129 918 1215 996 Tibi
1225 975 1440 994 ......
1469 917 1577 1019 scrip-

177 1029 304 1106 serat?
334 1030 433 1118 haec,
466 1035 633 1132 inquam,
667 1058 748 1134 quae
782 1036 828 1110 de
867 1034 991 1136 figuris
1017 1036 1292 1135 lioperimetris,
1338 1033 1384 1110 de
1416 1034 1575 1111 maximo

177 1146 344 1224 descensu
375 1147 498 1226 Centri
519 1153 719 1246 gravitatis,
753 1151 798 1228 de
824 1151 988 1232 citiffimo
1006 1151 1154 1252 appulsu
1177 1151 1222 1228 ad
1248 1151 1371 1230 datum
1385 1151 1575 1248 perpendi-

176 1263 300 1341 culum
328 1265 396 1342 &c
419 1264 617 1364 proponit3
650 1323 946 1348 .............
972 1273 1049 1347 irno
1077 1269 1177 1356 hac,
1208 1326 1314 1343 .....
1347 1264 1476 1366 partim
1502 1269 1575 1362 jam

176 1379 241 1456 diu
266 1382 358 1456 inter
382 1405 449 1458 nos
472 1383 600 1479 agitata
625 1381 745 1470 suere,
777 1388 908 1483 partim
927 1444 1023 1463 .....
1055 1381 1303 1486 fimpliciffima
1326 1396 1467 1460 tantum
1492 1381 1573 1458 sunt

176 1495 398 1576 Conseitaria
421 1521 549 1575 eorum
572 1501 708 1598 quaein
729 1499 803 1578 hoc
823 1501 899 1600 ipso
922 1502 1041 1580 mense
1067 1499 1245 1578 Ariorum
1269 1499 1450 1601 publicavi
1451 1553 1571 1574 ..........

174 1610 315 1690 Viderit
341 1613 476 1692 ibidem
502 1617 574 1712 jam
599 1613 818 1718 contineri[
845 1619 1019 1718 impiitite
1040 1619 1207 1718 quidem,
1240 1616 1299 1693 sed
1324 1639 1424 1716 quat,
1451 1614 1508 1691 vel
1527 1615 1572 1692 ab

173 1730 335 1819 infante,
378 1745 547 1831 tanquam
591 1731 832 1812 Corollarium
868 1735 971 1812 facile
1003 1735 1134 1814 deduci
1165 1729 1319 1834 poffit]
1354 1732 1572 1810 soluti0nen1

172 1869 293 1923 meam
312 1847 365 1924 sui
383 1847 639 1936 Problematis,
672 1849 748 1926 imo
770 1849 875 1950 ipfius
895 1851 1037 1956 praecise
1064 1877 1132 1964 pro
1154 1853 1254 1948 cujus
1279 1847 1455 1925 solutione
1480 1847 1572 1924 mihi

172 1967 354 2062 promittit
387 1964 620 2042 honorarium
653 1990 704 2062 50
736 1965 911 2067 imperial.
944 1970 982 2046 δι
1007 1967 1109 2069 quod
1147 1966 1320 2067 plasea,
1353 1965 1571 2044 solutionem

172 2079 339 2159 infinities
358 2073 628 2179 generaliorem'
647 2106 756 2182 quarn
771 2083 973 2164 Problema·
984 2083 1141 2184 postulat
1158 2109 1170 2179 3
1202 2082 1344 2176 Qraerit
1363 2084 1460 2158 enim
1478 2073 1570 2158 Fra-

170 2215 251 2284 ter,
283 2221 447 2297 quaenam
469 2222 514 2275 ex
536 2198 682 2276 infinitis
710 2199 945 2300 Cycloi'dibus
967 2195 1081 2304 (Fig.
1099 2201 1200 2293 60.)
1236 2222 1299 2298 per
1322 2198 1354 2274 A
1388 2197 1569 2282 transeam
1588 2211 1673 2278 ΤΑΒ.
1694 2214 1746 2279 xi

169 2315 294 2400 tibus,
327 2317 364 2389 δι
393 2313 495 2412 super
523 2317 646 2392 eadem
673 2314 744 2390 bafi
766 2315 845 2394 AH
866 2321 1084 2403 constitutis,
1117 2316 1176 2392 iila
1199 2313 1260 2401 srt,
1281 2339 1345 2413 per
1370 2313 1567 2415 quamdes-

170 2429 326 2507 cendens
352 2455 459 2530 grave
479 2434 633 2508 minimo
660 2447 824 2531 tempore
849 2457 894 2510 ex
915 2433 948 2512 Α
967 2435 1011 2510 ad
1035 2429 1475 2531 datumperpendiculum
1494 2429 1567 2507 ZB

168 2546 332 2648 appellat.
392 2546 491 2644 Eone
515 2547 601 2624 loco
620 2548 868 2649 perpendiculi
888 2550 980 2638 ZB,
1016 2550 1121 2626 aliam
1149 2550 1310 2648 quamvis
1345 2547 1476 2624 retiam
1498 2570 1567 2645 po-

168 2662 295 2740 sitione
323 2663 440 2740 datam
466 2668 503 2741 in
530 2668 659 2764 quovis
686 2665 823 2765 angulo
864 2691 947 2746 cum
972 2665 1205 2752 Horizonte,
1239 2665 1275 2738 &
1305 2662 1353 2740 fic
1377 2663 1566 2742 Problema

170 2779 453 2858 universaliffime
481 2797 701 2883 conceptum
722 2781 823 2862 solvo
846 2781 1013 2862 facillime
1027 2784 1100 2861 hoc
1121 2780 1246 2860 modo.
1278 2781 1330 2860 Sit
1345 2773 1460 2884 (Frg.
1474 2775 1565 2882 61.)
1585 2786 1669 2856 TAn·
1691 2792 1745 2860 xl

169 2895 402 2975 horizontalis
427 2897 522 2984 ΑΖ,
557 2899 732 2996 posrtione
753 2899 833 2976 data
856 2902 947 2978 retia
970 2899 1065 2988 ZB,
1086 2899 1261 3000 pontium
1281 2899 1405 2976 datum
1425 2897 1466 2975 A.
1492 2898 1562 2978 Di-

169 3037 216 3092 co
247 3012 460 3113 Cycloidem
481 3013 550 3091 AB
581 3015 790 3115 descriptam
810 3014 912 3115 super
930 3016 1010 3095 AZ
1033 3021 1338 3094 &occurrentem
1368 3015 1470 3090 reciae
1493 3011 1562 3090 ZB

167 3129 213 3208 ad
236 3129 388 3228 angulos
409 3132 531 3220 retius,
548 3132 626 3208 iore
657 3133 755 3210 illam
783 3156 847 3232 per
870 3157 980 3235 quam
1003 3158 1151 3234 grave-a
1177 3131 1312 3233 punito
1338 3129 1372 3207 A
1404 3127 1562 3220 citilbme

166 3251 368 3348 pervenerit
389 3247 433 3324 ad
459 3249 576 3326 datam
598 3248 773 3349 politione
791 3248 873 3330 ZB.

224 3361 309 3442 Hoc
329 3367 452 3465 utique
471 3367 678 3444 immediate
696 3367 852 3467 sequitur
886 3379 932 3446 ex
950 3373 1167 3470 proprietate
1194 3389 1311 3444 curvae
1346 3386 1434 3441 meae
1472 3362 1562 3466 Syn·

164 3479 309 3558 chroma
328 3537 339 3562 ,
372 3506 481 3582 quam
509 3483 648 3561 ostendi
667 3484 866 3562 normalem
887 3483 954 3562 esse
974 3487 1142 3563 omnibus
1161 3480 1395 3582 Cycloidibus
1416 3505 1461 3557 ex
1474 3480 1507 3558 A
1521 3482 1560 3555 ἃ
1713 3579 1719 3593 .

162 3597 266 3698 super
289 3596 363 3675 AZ
387 3597 594 3696 descriptis:
627 3599 725 3678 Hinc
755 3615 904 3700 tangens
928 3601 1137 3701 synchronae
1166 3602 1232 3675 erit
1257 3597 1580 3698 perpendicularis·

164 3713 332 3814 Cycloidi
346 3737 409 3814 per
433 3715 607 3813 publium
623 3718 804 3796 contaiius
827 3717 1039 3806 transeunti,
1073 3716 1173 3819 quod
1193 3715 1367 3816 punitum
1389 3714 1556 3790 determi-

162 3845 226 3908 nat
247 3829 488 3908 brevilsrmum
511 3830 715 3912 descensum
734 3834 779 3909 ad
804 3847 1013 3934 tangentem
1038 3859 1103 3935 per
1126 3835 1293 3914 naturam¹
1314 3829 1554 3931 Synchronae3

162 3950 248 4048 quia
271 3948 344 4026 hoc
363 3947 480 4026 solum
510 3950 684 4047 pontium
710 3954 885 4049 tangentis
916 3950 1028 4028 estin
1055 3955 1127 4051 ipsa
1158 3950 1366 4050 Synchrona
1379 3959 1405 4035 ,'
1424 3947 1558 4048 reliqua

162 4065 244 4143 suut
273 4079 379 4142 extra.
421 4066 458 4142 Si
480 4069 598 4164 itaque
627 4082 783 4166 ponatur
801 4066 894 4155 ZB,
918 4081 1064 4166 tangere
1089 4067 1243 4166 aliquam
1269 4063 1553 4165 Synchronam,

161 4187 229 4259 erit
252 4183 426 4282 punitum
452 4181 481 4259 B
507 4184 712 4278 'contadim3
744 4182 841 4282 Ergo
874 4187 942 4260 &n
989 4183 1267 4264 Ostendendum
1299 4205 1384 4258 vero
1412 4182 1551 4266 restat,

159 4296 356 4400 [nequid
380 4293 507 4376 Frater
530 4299 729 4392 desideret]
751 4301 941 4401 quomodo
965 4301 1112 4403 Cycloi's
1131 4299 1199 4380 AB
1230 4296 1481 4398 ducendast,
1514 4308 1556 4369 ut

163 4431 331 4496 occurrat
348 4417 556 4498 normaliter
573 4419 675 4498 retia
701 4417 797 4509 ΖΒ,
829 4420 866 4497 id
880 4420 993 4612 ἕως]
1020 4417 1068 4496 fic
1091 4417 1194 4500 facio.
1244 4417 1357 4517 Super
1374 4414 1408 4493 Z
1426 4412 1462 4489 G
1481 4409 1555 4482 dia·
1691 4425 1698 4436 ·

932 4559 959 4613 n
1017 4556 1043 4616 2
1439 4536 1557 4604 metro
