4168 5524
533 281 610 357 454
727 265 1221 352 COMMERCIUM
1267 265 1792 352 EPISTOLICUM,

381 438 474 514 1699
533 408 634 486 dium
666 407 815 497 faeere,
848 408 928 486 ida
962 431 1022 484 me
1047 420 1147 532 aetate
1175 419 1276 482 tanto
1304 405 1528 547 provestiore
1555 403 1742 508 speciosius
1766 404 1842 485 diei
1868 393 1935 506 po-

378 527 458 618 ιιι.

443 912 450 955 ι

532 523 656 606 tumet
750 575 754 582 -

589 640 820 739 objearones
851 641 941 718 mihi
976 643 1121 718 interim
1149 639 1316 718 videntur
1354 639 1427 717 sere
1458 665 1478 717 a
1506 638 1732 739 praejudiciis
1745 599 1933 740 proficisci
2060 703 2061 724 ι

529 756 664 858 Longe
679 758 743 834 alia
768 755 859 857 ipsr,
890 783 999 858 quarn
1021 759 1113 834 mihi
1134 755 1346 835 extensionis
1371 756 1477 834 notio
1491 758 1561 850 est;
1592 755 1695 835 Idem
1716 757 1766 834 est
1785 757 1831 833 de
1842 753 1938 834 subs

529 875 640 954 tantia
659 872 944 974 aliisquemultis.
962 873 1214 952 Deindealiud
1236 877 1285 987 est
1298 875 1467 972 objicere,
1482 873 1578 952 aliud
1596 897 1740 972 exigere
1749 874 1937 974 probabo-

451 1081 454 1086 ¹
495 987 602 1068 ‘nes
664 989 939 1089 Objettionibus
959 991 1173 1091 respondere
1201 979 1278 1068 non
1305 989 1479 1088 defugio;
1509 990 1743 1090 probationes
1767 991 1939 1066 omnium

531 1107 642 1196 dare,
677 1109 783 1202 hujus
802 1107 876 1186 loci
898 1107 1142 1221 temporisque
1160 1131 1237 1186 non
1262 1105 1371 1195 esset,
1404 1105 1506 1184 etsr
1496 1132 1533 1183 ιιι
1555 1123 1730 1208 ριοιιιριιι
1749 1106 1933 1184 haberem

592 1215 759 1325 Inprimis
783 1228 897 1302 miror
931 1224 1032 1326 quod
1072 1239 1180 1324 negat
1207 1223 1287 1326 plus
1303 1217 1387 1302 esse
1413 1224 1510 1302 idern
1546 1226 1751 1324 promptius
1785 1202 1935 1299 efficere.
2060 1255 2061 1284 ι

534 1341 628 1436 Quis
657 1341 723 1418 hac
754 1333 1018 1442 scrupulositate
1041 1341 1087 1420 ad
1109 1341 1460 1420 demonstrandum
1449 1344 1641 1429 invitetur,
1674 1341 1712 1418 δι
1736 1343 1817 1441 quis
1840 1339 1939 1417 satis-
2060 1371 2061 1446 3

535 1457 651 1536 facere
672 1458 804 1557 speret,
839 1458 961 1536 ncilla
980 1459 1127 1560 quidem
1156 1458 1394 1548 concedenti,
1427 1481 1507 1559 quae
1531 1461 1647 1546 totius
1670 1471 1807 1536 naturae
1842 1459 1963 1543 ιιιιι-Ι

534 1579 664 1653 ιιιοιιιο
690 1571 977 1656 confirmantur?
1009 1575 1068 1652 sed
1093 1575 1156 1654 ista
1181 1575 1271 1652 mihi
1294 1577 1439 1652 interim
1461 1580 1501 1654 in
1525 1573 1741 1676 hypothesin
1766 1573 1866 1674 apud
1890 1599 1936 1649 ae-

535 1715 628 1794 quos
662 1691 770 1770 credo
794 1693 930 1791 judices
967 1691 1192 1779 suffecerint,
1226 1691 1372 1792 qualem
1395 1689 1514 1791 ipsum
1548 1689 1688 1770 Dnum
1732 1691 1940 1772 Vosne·
2060 1757 2061 1766 ,

534 1833 561 1886 ιι
576 1833 599 1884 ιι
613 1834 643 1884 ιι
668 1810 746 1886 fore
763 1825 884 1908 puto,
915 1812 980 1888 ubi
1001 1833 1078 1888 rem
1106 1809 1218 1908 magis
1248 1808 1468 1910 expenderit
1530 1805 1704 1910 Tatioque
1736 1807 1801 1908 ipfi
1831 1833 1853 1884 a
1885 1807 1939 1884 Te

535 1925 764 2004 commodius
787 1951 895 2026 quam
920 1951 940 2004 a
963 1951 1022 2004 me
1051 1927 1124 2004 dici
1151 1938 1327 2026 poterant.
1389 1924 1568 2005 Caeterum
1594 1925 1686 2000 mihi
1708 1939 1881 2002 nontam
1903 1924 1939 2000 id

535 2046 728 2141 quaritur,
745 2057 787 2119 ut
802 2065 879 2120 mea
893 2035 1141 2142 persuadeam,
1158 2067 1267 2144 quam
1286 2055 1327 2121 ut
1345 2041 1689 2121 confideretionibus
1704 2043 1839 2120 mutuis
1854 2065 1939 2142 pro-

536 2157 685 2237 ficiatur.
747 2155 885 2237 Veritas
904 2160 1009 2239 serius
1035 2179 1097 2237 aut
1115 2160 1218 2238 eitius
1246 2159 1382 2258 semper
1407 2163 1536 2237 vincet.

597 2275 712 2390 Quod
740 2273 828 2352 dicis
850 2263 974 2355 Deum
1008 2299 1048 2354 ea
1072 2290 1213 2354 tantum
1238 2273 1336 2378 posse
1365 2299 1447 2376 quae
1470 2275 1572 2362 rust,
1606 2274 1680 2354 hoc
1704 2301 1783 2354 non
1809 2298 1938 2384 conce-
2060 2261 2061 2280 ²

540 2390 617 2488 d03
648 2391 746 2470 nist
736 2419 775 2468 ιιι
801 2391 900 2472 sensu
931 2391 1134 2494 composito
1164 2393 1348 2495 loquaris,
1391 2405 1432 2472 ut
1462 2406 1603 2470 vocant
1663 2385 1805 2471 Verum
1827 2393 1880 2469 est
1901 2415 1939 2469 en

539 2521 681 2587 tantum
704 2509 840 2599 facere,
857 2510 916 2588 sed
937 2511 1018 2590 frea
1038 2523 1178 2588 tantum
1194 2507 1331 2610 posset,
1349 2512 1471 2588 onmia
1490 2507 1621 2587 faceret
1642 2506 1856 2598 necessario,
1874 2533 1940 2586 nec

482 2651 490 2660 ·
539 2622 622 2700 esset
649 2626 802 2702 liberum
831 2649 964 2727 agens.
998 2649 1083 2704 nam
1116 2627 1261 2704 decreto
1289 2641 1350 2706 aut
1379 2625 1545 2704 elestioni
1565 2625 1668 2707 locus
1697 2623 1763 2703 esse
1782 2630 1936 2728 nequit,
2060 2627 2061 2632 ‘

540 2763 625 2820 cum
641 2740 704 2816 nrfi
716 2767 831 2820 unum
860 2742 1021 2842 poffibile
1044 2745 1103 2822 est

521 2927 529 2940 .
598 2855 808 2936 afferendus
832 2857 1007 2939 effetatus
1024 2877 1249 2950 vacuorum,
1282 2884 1392 2962 quem
1415 2858 1524 2938 fluida
1549 2857 1680 2938 habere
1702 2855 1937 2959 nonpossint
2060 2961 2061 2968 Ν

540 2972 719 3060 Caeterum
740 2998 856 3056 unum
878 2977 922 3054 ad
944 2973 1016 3055 hoc
1038 2993 1292 3077 argumentum
1317 2977 1457 3055 habes
1447 3001 1486 3054 ιιι
1518 2975 1586 3056 hac
1611 2975 1768 3076 Epistola
1794 2961 1940 3074 adjme'

537 3105 574 3170 ta
593 3092 638 3170 ad
661 3091 799 3200 Dnum.
831 3092 1155 3184 Vorueuunr,
1151 3119 1310 3199 nernpe
1334 3092 1547 3174 siderentur
1573 3097 1706 3182 atomi,
1740 3093 1885 3172 daretur
1904 3095 1940 3168 de
2060 3085 2061 3124 ι

538 3215 692 3287 mutatio
719 3235 782 3310 per
806 3209 940 3288 saltum.

598 3324 718 3404 Facies
736 3351 804 3427 pro
827 3327 1017 3432 pmdentia
1046 3323 1150 3413 Tua,
1183 3345 1226 3406 ut
1244 3325 1458 3426 Theologos
1482 3347 1560 3406 non
1586 3325 1714 3405 babeas
1745 3327 1938 3413 inimicos,

539 3465 626 3522 narn
653 3444 787 3544 ubique
809 3459 984 3523 terrarum
1000 3469 1131 3546 magna
1155 3447 1205 3522 est
1222 3444 1382 3546 ipsomm
1406 3445 1624 3542 eustorium
1654 3443 1764 3546 idque
1784 3443 1940 3543 postulat

540 3562 644 3640 status
673 3585 826 3639 renum
862 3560 1091 3662 Epigramma
1112 3561 1237 3642 Tuum
1263 3561 1415 3638 libenter
1441 3561 1604 3650 videbo,
1634 3555 1704 3639 ‘nec
1724 3583 1788 3662 per
1808 3585 1869 3638 me
1888 3559 1941 3640 ul·

540 3683 648 3757 terius
667 3681 734 3754 ibit
758 3701 867 3779 quam
890 3679 995 3755 voles.
1034 3677 1241 3783 Disputatio
1270 3683 1377 3756 etiam
1399 3677 1589 3778 gratissuna
1608 3679 1685 3756 erit

598 3794 748 3873 Litteras
780 3795 1007 3896 Acceptionis
1034 3795 1254 3874 Academicae
1280 3795 1447 3874 nondum
1471 3799 1601 3898 accepi
1630 3791 1758 3876 'Haud
1787 3793 1942 3872 dubium

541 3911 591 3986 est
615 3931 665 4014 30
690 3913 799 3992 millia
836 3909 1008 3992 librarum
1036 3913 1117 3990 solis
1141 3911 1372 4019 pensionariis
1406 3909 1472 3990 esse
1501 3911 1694 4008 destinata3
1725 3913 1788 4016 qui
1816 3934 1941 3989 omnes
2060 3975 2061 4016 ι

542 4023 622 4106 suut
641 4031 842 4125 regnicolas.

603 4145 825 4224 Mutationes
843 4153 975 4248 repetit
976 4175 1011 4228 as
961 4139 1076 4228 R
1088 4141 1205 4228 P
1160 4147 1205 4228 M
1215 4169 1594 4226 acueunnucrrrr
1614 4166 1691 4224 non
1715 4143 1884 4245 culpem,
1912 4141 1939 4218 si

541 4243 657 4341 modo
688 4261 991 4362 expenderett
927 4283 991 4363 pot
994 4271 1047 4342 ius
1073 4293 1181 4366 quam
1205 4267 1325 4343 ederet
1344 4269 1381 4342 in
1413 4265 1613 4344 Publicuna
1678 4263 1802 4364 Itaque
1819 4277 1941 4339 'uereor

484 4399 487 4404 ·
541 4406 610 4468 ne,
645 4406 690 4459 ne
703 4383 790 4482 post
812 4384 952 4458 tertiam
979 4383 1176 4460 editionem
1200 4383 1421 4483 Regularum
1439 4397 1560 4462 motus
1583 4381 1752 4468 sautum,
1783 4373 1948 4575 ιιιιιιςεΙιὲ

540 4513 673 4604 quarta.
