4266 5534
261 327 564 402 tatflrttrrr
594 329 664 394 ΕΤ
690 323 1096 411 BERNOULLstII
1124 318 1287 394 Erls'r
1313 317 1451 394 XXXI.
1527 333 1592 400 191

195 488 282 570 pag.
307 485 402 560 254.
446 463 605 560 Quod
595 489 634 542 m
661 465 735 546 hoc
756 465 887 548 dicitur
912 439 1188 570 Differentiale,
1220 467 1272 544 ibi
1292 467 1342 544 est
1369 457 1597 552 fluxim&
1649 475 1752 556 1696

198 585 334 686 quod
324 607 365 660 m
386 580 460 660 hoe
483 576 653 671 l‘rrmmn
675 582 728 662 ibi
745 577 888 662 Fletus.
949 582 994 662 Et
1018 583 1161 662 Nervus
1191 582 1297 681 hujus
1325 581 1522 668 lllethodi,
1552 591 1598 658 ut
1621 569 1757 666 August.
1800 600 1803 606 ’

199 704 238 780 dt
264 699 392 778 calculi
415 697 653 777 differentialis
672 702 717 778 ad
746 702 822 780 duo
839 702 916 780 haec
936 700 1162 780 Problemata
1186 701 1287 778 redit.
1352 693 1466 778 Datis
1482 721 1598 806 qaan-

180 808 365 896 ,eirardus
380 809 655 916 fluentibus,
640 821 804 896 cnvenire
825 843 949 896 aarum
956 813 1174 920 sturionem
1208 818 1246 894 δι
1274 815 1451 905 viciilim‚
1484 807 1600 896 Daris

182 925 436 1041 fluxionibus,
467 933 629 1010 invenire
651 959 773 1012 earum
791 933 959 1040 fluentes.
1019 935 1123 1014 Loco
1151 933 1293 1012 Littera
1310 929 1340 1007 d
1356 933 1400 1010 ad
1416 931 1605 1032 delignanae

201 1052 286 1132 dam
316 1047 587 1128 differentialem
619 1054 795 1150 primam,
829 1053 896 1128 vel·
916 1051 1150 1140 fluxionem,
1193 1053 1305 1132 uritur
1333 1051 1470 1151 pundo
1499 1047 1602 1148 supra

201 1169 333 1268 scripto
344 1189 443 1267 ;·pr0
467 1167 691 1248 differentiali
708 1167 867 1248 secunda
875 1167 1082 1248 denotanda
1095 1169 1209 1248 utitur
1222 1166 1365 1248 duobus
1380 1166 1540 1268 puntlis,
1562 1167 1605 1240 dc·

202 1335 251 1411 ita
274 1357 398 1434 porro.
452 1331 511 1410 Sic
544 1330 605 1407 dx
627 1336 676 1410 est
696 1359 743 1419 x,
765 1330 865 1408 ddx
883 1337 933 1411 est
951 1305 1259 1422 lr,dddxestx,
1294 1335 1361 1410 dac.
1422 1331 1605 1411 Ceterum

203 1447 384 1552 processus
405 1449 477 1549 ipse
501 1453 718 1550 operationis
749 1451 797 1526 est
819 1451 1013 1550 utrobique
1033 1451 1155 1538 idem,
1188 1449 1279 1528 adeo
1299 1465 1341 1528 ut
1364 1449 1517 1526 nesciam
1542 1469 1609 1522 an-·

203 1589 283 1644 non
308 1564 620 1654 Nawnouur,
667 1567 752 1646 Tuo
774 1565 913 1645 calculo
939 1565 1013 1643 viso
1027 1625 1041 1654 ‚.
1071 1563 1171 1644 fuam
1198 1569 1346 1646 demum
1383 1561 1606 1644 Methodum

203 1683 455 1778 fabricaverit;
485 1681 676 1783 praesertim
710 1707 794 1762 cunr
817 1707 863 1760 ex
884 1682 973 1760 loco
1001 1687 1110 1760 citato
1134 1685 1275 1763 uideam
1312 1683 1371 1760 Te
1401 1681 1467 1783 ipsi
1498 1695 1605 1757 tuum

206 1801 403 1896 Calculum
419 1797 720 1900 communicalse',
750 1814 940 1901 antequam
964 1800 1036 1900 ipse
1063 1799 1174 1888 luam
1191 1797 1350 1880 edidilset
1371 1797 1608 1906 illethodum.

204 1913 268 1997 De
297 1932 427 1995 caetero
449 1915 744 1995 Warrrrrus
772 1915 881 2008 Tom.
906 1913 962 1994 ll.
988 1941 1070 2017 pag.
1104 1939 1214 2012 394,
1245 1917 1403 1995 modum·
1422 1914 1609 2014 explicat,

206 2059 284 2136 quo
305 2037 420 2112 utitur
453 2033 743 2111 Nrwnouus
774 2035 819 2112 ad
844 2033 1003 2114 radicem
1040 2034 1296 2112 extrahendam
1328 2057 1374 2109 ex
1405 2033 1611 2133 aquatione

207 2149 406 2230 fluxionem
427 2149 555 2229 radicis
578 2151 810 2239 involvente,
843 2153 881 2227 de
903 2152 1054 2252 quidem·
1081 2175 1146 2252 per
1176 2151 1309 2228 seriem.
1371 2149 1440 2228 Sed
1463 2149 1613 2225 mirer.

205 2268 267 2346 sali
284 2293 374 2346 meae
393 2268 503 2346 Seriei
524 2265 680 2367 palmam
710 2294 787 2345 non
816 2271 1033 2370 praeripiet.
1019 2294 1034 2310 ·’
1059 2265 1118 2348 Est
1135 2271 1233 2344 enim
1252 2269 1319 2345 ille
1344 2266 1476 2368 modus
1502 2254 1609 2340 Nm.

206 2389 373 2464 reniam
412 2385 614 2463 admodum
643 2387 837 2486 operosus,
872 2385 1011 2462 &fere
1036 2383 1133 2461 idem
1156 2409 1246 2464 cum
1262 2385 1375 2475 Tuo,
1409 2407 1518 2485 quem
1546 2403 1614 2456 ve

205 2527 252 2580 ro
287 2501 400 2602 longe
427 2503 698 2582 fiaccintliorem
723 2505 760 2578 dc
791 2503 835 2580 ad
869 2505 999 2603 praxin
1023 2497 1202 2602 aptiorem
1236 2503 1459 2632 reddidisti
1449 2525 1488 2577 m
1519 2493 1613 2576 Aa.

216 2633 335 2710 1693.
364 2641 447 2724 pag.
490 2627 659 2710 178..
1070 2677 1085 2695 .
1140 2677 1156 2696 ..
1568 2675 1577 2691 .

268 2735 476 2816 Dominum
500 2734 563 2814 Fu
577 2759 802 2813 rraurunr
833 2740 872 2812 in
899 2727 1114 2839 Cartefim
1131 2739 1279 2840 quidem
1305 2723 1403 2827 satis,
1426 2678 1513 2813 sed
1532 2761 1613 2815 non

210 2856 299 2933 item
321 2857 364 2930 in
390 2856 551 2932 interiori
575 2851 786 2932 Geometria
819 2851 993 2931 uersatum
1031 2867 1141 2955 putu.
1197 2856 1355 2934 Memini
1387 2855 1490 2958 quod
1527 2871 1617 2932 anter

211 2969 423 3074 quindecim
458 2973 598 3047 circiter
632 2993 768 3058 annos,
802 2993 886 3050 cum
916 2974 955 3046 in
979 2983 1130 3073 utraque
1165 2973 1282 3052 adhuc
1311 2972 1441 3074 hospes
1468 2968 1606 3060 edem,

211 3079 343 3169 Frater
372 3110 473 3166 meus
498 3085 706 3168 Dominum
724 3085 1030 3190 Furraurunr
1053 3091 1186 3168 crebro
1208 3089 1414 3168 consulebat
1439 3111 1503 3187 per
1533 3088 1616 3166 Lit--

213 3219 330 3294 teras,
350 3203 454 3304 super
476 3229 539 3290 ea,
567 3226 647 3303 quae
665 3209 948 3305 tunc-temporis·
962 3228 1040 3283 non
1058 3205 1178 3306 probe
1191 3207 1414 3305 intelligebat
1433 3207 1476 3280 in·
1491 3204 1555 3284 Cr
1567 3231 1615 3282 n·

214 3345 355 3403 ausu
382 3313 610 3414 GeometriQ
641 3343 701 3398 me
722 3323 828 3400 etiam
852 3345 930 3399 non
952 3321 1121 3422 defugit,
1153 3324 1255 3424 quod
1277 3323 1461 3401 Dominus
1487 3319 1555 3398 Fu
1571 3347 1615 3400 t-

213 3459 394 3516 uturus
419 3437 483 3540 ipl'i
504 3440 647 3538 roganti
679 3441 802 3518 omnia
825 3437 996 3528 fideliter,
1028 3441 1066 3515 dt
1087 3435 1229 3542 [quod
1258 3435 1406 3540 miror]
1433 3442 1617 3539 patienter⁴

217 3555 443 3655 explicabat:
476 3554 602 3634 nescio·
619 3553 716 3634 unde
746 3555 820 3634 hoc
850 3559 1111 3634 commercium
1143 3571 1265 3635 oruun
1305 3556 1414 3635 suum·
1433 3570 1585 3634 traxerat
1597 3583 1617 3653 3:

216 3669 312 3749 forte
341 3693 425 3750 cum
454 3663 582 3754 Frater
609 3671 720 3776 paulo
736 3689 818 3754 ante
837 3675 879 3749 in-
898 3665 1058 3752 Baetaevr's
1078 3670 1186 3763 effer,
1215 3677 1255 3751 da
1272 3670 1392 3754 nescio
1425 3677 1512 3750 item
1535 3697 1620 3773 quo

216 3785 312 3866 fado
333 3789 464 3868 iterum
493 3785 690 3866 intercidit..

277 3903 379 4000 Quid
400 3906 470 3984 tibi
499 3903 640 3983 videtur
674 3901 719 3982 de
751 3903 888 4005 scripto·
918 3904 1290 3998 Ho’rnnananr,
1321 3913 1341 4006 †
1370 3908 1482 3988 habet
1500 3909 1621 3988 multa

215 4021 499 4111 Astronomica,
529 4045 609 4124 quae
626 4023 730 4100 certis
753 4023 885 4122 regulis
906 4036 1158 4128 coercetque
1181 4041 1301 4106 tamen
1327 4026 1533 4104 humanitus
1551 4051 1622 4126 pe-

216 4161 265 4216 ιε
290 4138 437 4216 fortuita
458 4139 641 4218 videntur..
694 4137 860 4241 Exempli
885 4145 1020 4240 gratia,
1053 4141 1192 4242 Regula
1216 4150 1290 4243 ejus
1312 4145 1428 4246 prima
1450 4144 1495 4222 de
1515 4147 1630 4222 inve:

219 4254 354 4334 aiendo
380 4253 592 4354 obliquitate
626 4254 807 4359 Eclipticae
838 4256 982 4348 Terra,
1014 4276 1179 4340 autnon
1206 4263 1399 4341 estexatia
1427 4262 1466 4339 ta
1497 4261 1625 4338 obser-

222 4373 424 4452 medabus
451 4395 534 4450 non.
553 4371 770 4478 respondet.
798 4389 861 4458 aut
877 4375 988 4460 debet
1002 4401 1028 4462 a
1041 4363 1156 4492 'priori
1175 4378 1276 4492 petie
1304 4380 1553 4465 demonstran,
1570 4398 1624 4454 err

1460 4494 1626 4592 Legibuo
1650 4579 1663 4598 .

261 4595 480 4682 rideant
495 4595 596 4670 XXX·
614 4595 762 4678 ulmo
