4266 5534
251 325 460 400 turtur
473 323 555 392 ΤΗ
584 319 652 390 tt*
679 315 1057 409 ΒΕΚΝΟῊΜΙ
1071 363 1083 410 ,
1108 309 1272 390 Erret.
1297 309 1448 388 XXVil.
1507 320 1573 402 165

183 488 241 562 nis
261 481 484 570 immediati,
518 484 554 559 dc
576 481 724 584 quidem
741 483 833 576 soli,
865 507 1022 585 quorum
1038 475 1131 564 unus
1149 487 1193 562 ab
1215 485 1329 564 altero
1353 509 1429 562 non
1443 483 1577 588 depen·
1628 484 1727 562 169⁶

183 603 271 689 det,
304 599 363 677 vel
383 605 421 676 in
439 601 550 678 altero
572 623 648 676 non
676 601 870 679 inc-luditur
887 607 907 697 [
925 601 1021 684 [ecus
1039 605 1087 680 ita
1111 605 1314 680 ratiocinari
1336 627 1412 680 non
1432 603 1575 698 liceret;
1620 599 1707 692 J111¹·‚

185 740 234 795 ex
267 741 313 794 eo
346 719 444 794 enim
471 718 571 818 quod
600 718 679 795 duae
713 719 811 797 libra
845 721 922 798 auri
944 733 1124 820 occupant
1143 713 1294 820 sp'atium
1321 721 1434 819 duplo
1464 724 1578 819 majus

183 859 296 937 quam
320 859 390 912 una
409 831 497 912 libra
520 837 617 922 auri,
651 837 688 912 δι
707 835 848 936 insuper
867 836 945 913 duae
966 837 1063 914 librae
1080 835 1161 915 sunt
1191 831 1305 935 duplo
1325 837 1444 946 plures
1467 861 1575 932 quam

185 977 261 1031 una
294 951 405 1038 libra,
437 975 514 1028 non
544 951 626 1029 ideo
654 951 811 1052 sequitur
840 952 925 1031 duar
948 953 1025 1030 istas
1059 953 1163 1033 libras
1188 953 1268 1028 sore
1295 954 1495 1053 quadruplo
1518 954 1577 1036 seu

191 1071 249 1145 bis
289 1068 404 1169 duplo
429 1071 608 1167 graviores
635 1093 743 1169 quarn
764 1079 835 1147 una
857 1069 968 1158 libra,
1001 1073 1084 1170 quia
1110 1093 1181 1148 una
1198 1071 1290 1146 ratio
1309 1069 1416 1170 dupla
1437 1074 1474 1144 in
1496 1071 1580 1146 alte·
1668 1101 1672 1112 ·

187 1211 227 1263 ra
255 1189 326 1283 jam
350 1185 569 1272 includitur,
603 1185 713 1274 idest,
747 1185 858 1286 posita
884 1212 974 1274 una,
1004 1192 1154 1287 ponitur
1176 1187 1377 1280 duritem]
1403 1201 1507 1264 erunt
1522 1211 1579 1264 aea

187 1307 306 1380 tiones
325 1304 492 1378 motrices
523 1300 712 1379 necessario
738 1306 776 1378 in
797 1306 934 1380 ratione
955 1304 1152 1404 composita
1177 1301 1448 1401 longitudinum
1467 1307 1504 1379 &
1519 1327 1579 1380 ve-

190 1419 402 1513 locitatum3
434 1418 596 1518 adeoque
622 1405 1052 1519 temporibusaqualibus
1074 1424 1112 1494 iu
1133 1421 1311 1519 duplicata
1326 1421 1579 1513 velocitatum3

190 1535 360 1614 taeterum
385 1537 528 1636 egregie
560 1535 758 1614 admodum
786 1525 824 1610 i'n
843 1535 967 1612 iisdem
997 1539 1176 1634 prioribus
1199 1536 1288 1612 Tuis
1309 1539 1463 1613 ostendis
1489 1543 1581 1614 iuter

190 1652 271 1730 haec
303 1651 377 1730 duo
400 1654 456 1738 A,
477 1646 603 1754 saeue
636 1650 806 1755 duplum,
840 1671 990 1756 tempure
1013 1647 1159 1757 fimple,
1193 1657 1350 1752 itemque
1380 1656 1434 1742 C,
1456 1653 1582 1756 sarm

178 1763 375 1872 Μίνω,
412 1788 562 1872 tempore
576 1762 730 1874 βωμία
764 1769 888 1845 cadere
914 1770 1075 1846 medium
1107 1773 1224 1848 minus
1244 1773 1363 1869 priore
1399 1773 1436 1846 &
1469 1777 1582 1870 majus

191 1887 420 1988 posteriore,
453 1884 584 1965 scilicet
606 1885 633 1964 B
651 1943 661 1973 ,
682 1883 808 1989 fame
824 1884 970 1990 duplum
996 1905 1145 1990 tempore
1166 1873 1289 1992 dupla(
1315 1883 1442 1964 Fateor
1465 1888 1584 1965 unu.

192 2003 278 2080 feste
296 1999 335 2105 [
353 2027 399 2080 ex
421 2015 545 2081 nattrm
568 2005 790 2103 repetitionis
821 1999 1015 2103 perfetta]
1046 2000 1113 2079 else
1138 2003 1292 2103 duplum
1322 2004 1427 2104 ipsius
1452 2005 1512 2092 C,
1545 2007 1582 2082 &

190 2120 347 2222 proinde
366 2120 641 2198 demonstrative
663 2119 779 2221 sequi,
807 2111 926 2196 A'esse
948 2119 1028 2220 plus
1045 2143 1180 2222 -quam
1210 2121 1362 2224 duplum
1390 2121 1494 2220 ipsius
1514 2122 1549 2200 C
1569 2147 1580 2213 3

192 2235 254 2314 fed
274 2237 395 2314 tamen
416 2260 524 2314 exeo
549 2235 715 2315 nondum
736 2227 892 2337 sequitur
915 2235 1006 2314 illud
1025 2233 1166 2335 praecise
1187 2237 1390 2336 quadruplo
1404 2242 1515 2335 majus
1533 2238 1583 2314 es·

194 2353 230 2429 se
249 2351 351 2449 hoc;
382 2353 592 2454 priusquam
610 2355 893 2432 demonstratum
924 2351 966 2430 fit
989 2353 1021 2430 A
1048 2351 1114 2431 else
1141 2354 1293 2454 duplum
1322 2354 1427 2452 ipsius
1451 2355 1511 2432 B:
1546 2357 1584 2430 dr

194 2469 293 2559 hoc,
311 2471 410 2547 'meo
440 2469 599 2569 judicio,
633 2471 875 2548 demonstratu
910 2471 1055 2546 nonita
1081 2469 1184 2546 facile
1211 2471 1295 2565 est3
1336 2475 1468 2547 etenim
1491 2477 1584 2548 inter
1695 2479 1717 2544 .“

179 2583 311 2688 'farere
328 2585 496 2692 duplum,
517 2573 827 2692 tenporrfimplu,
860 2587 898 2663 &
925 2590 1017 2664 inter
1024 2581 1150 2687 fluere
1167 2583 1337 2690 duplum,
1354 2605 1504 2692 tempore
1517 2583 1583 2664 du·

191 2699 347 2808 pluralis
369 2701 533 2804 repetitio
565 2727 642 2780 uon
655 2706 883 2804 percipitu'r3
914 2707 1003 2806 quin
1020 2707 1122 2780 -imo
1145 2689 1286 2780 videtur
1307 2703 1426 2803 ptimo
1453 2707 1585 2782 intuitu

197 2821 288 2900 illud
314 2821 426 2918 'hujus
452 2819 692 2923 quadruplum
728 2815 880 2916 esse3‘sr
912 2824 1010 2897 enim
1027 2819 1081 2908 A,
1112 2833 1277 2926 tempore
1301 2819 1451 2921 simplo,
1489 2823 1587 2898 idem

196 2938 301 3016 facim
326 2933 427 3038 quod
448 2937 500 3040 Β,
534 2937 868 3040 temporedup103
905 2951 1051 3037 oportet
1081 2951 1123 3016 ut
1155 2937 1187 3014 A
1217 2936 1260 3014 stt
1282 2938 1395 3038 duplo
1429 2939 1587 3015 velocius

197 3075 307 3155 quam
329 3053 544 3158 Badeoqu'e
569 3053 662 3134 illius
684 3057 846 3154 potentia
867 3051 1065 3155 quadrupla
1088 3058 1249 3153 potentia
1277 3053 1381 3154 ipsrus
1404 3055 1444 3132 C.
1475 3053 1587 3130 Vides

199 3171 328 3248 exinde
350 3171 426 3250 haec
451 3175 592 3250 nonita
615 3171 810 3272 procedere
833 3169 928 3272 quast
955 3171 1092 3248 nullam
1113 3170 1263 3270 amplius
1283 3185 1486 3248 mereantur
1512 3171 1587 3247 clu*

200 3286 426 3366 cidationem.
1234 3289 1247 3300 ”
1360 3381 1364 3392 ,
1431 3380 1434 3386 ³

258 3403 422 3484 Tametsr
437 3407 703 3506 replicationem
724 3403 880 3484 Domini
901 3403 962 3485 Ni
976 3429 1291 3483 eutveurrrrr
1315 3427 1390 3478 non
1412 3402 1584 3492 viderint,

201 3526 318 3621 arguit
340 3537 463 3600 tamen
485 3579 862 3602 .................
894 3523 995 3624 quod
1020 3525 1215 3598 etiamnum
1243 3523 1282 3595 in
1308 3519 1422 3620 scirpo
1447 3520 1588 3597 nodum

202 3653 357 3740 quaerat3
372 3645 553 3736 utrumuis
574 3639 638 3727 lit,
672 3645 745 3738 ejus
764 3639 1035 3718 Commercium
1053 3637 1285 3724 litterarium,
1311 3637 1410 3736 quod
1429 3635 1493 3735 ipsi
1514 3663 1589 3714 me-

181 3831 184 3834 .
203 3775 288 3834 cum
305 3758 502 3836 ineundum
523 3755 658 3848 strasrsti,
682 3755 769 3834 mihi
785 3781 862 3833 non
874 3755 1013 3830 arridet.
1045 3753 1173 3831 Nolim
1190 3757 1286 3830 enini
1308 3777 1456 3852 operam
1471 3775 1588 3829 meam

203 3871 376 3950 inutiliter
393 3874 581 3952 eollocare
601 3927 1206 3951 ...........................
1240 3871 1364 3947 frustra
1397 3871 1499 3946 illum
1524 3870 1587 3946 ad-

203 3989 473 4078 mouerimus,
505 4005 546 4070 ut
568 3989 658 4066 mihi
690 4011 836 4090 quoque
864 3987 1095 4086 respondeat3
1126 3987 1224 4063 vides
1258 4009 1302 4062 ex
1325 3986 1463 4063 silentio
1497 3985 1587 4062 nihil

201 4105 331 4182 habere
356 4107 457 4208 quod
483 4121 632 4207 reponat
644 4133 655 4200 3
687 4105 956 4184 Demonstratio
977 4105 1073 4178 enim
1099 4101 1318 4202 synthetica,
1352 4128 1420 4202 qua
1443 4101 1587 4202 respon-

203 4219 341 4306 nonem
363 4247 481 4302 meam
504 4223 549 4300 ad
569 4224 642 4320 ejus
663 4223 904 4319 objettionem
926 4217 1134 4307 obfirmari,
1167 4217 1257 4296 adeo
1283 4218 1413 4306 facilis,
1447 4220 1536 4296 clara
1552 4221 1589 4293 &

207 4337 252 4414 ad
272 4352 432 4418 veterum
460 4335 902 4417 demonstrandi'modum
933 4335 1204 4414 accommodata
1234 4337 1306 4425 est,
1339 4351 1380 4413 ut
1399 4335 1431 4410 se
1453 4335 1485 4410 se
1508 4333 1590 4411 risui

207 4451 424 4558 esponeret,
457 4453 587 4562 liquid
605 4471 730 4536 contra
751 4479 896 4536 movere
922 4451 1053 4542 vellet,
1086 4475 1213 4533 cuma
1241 4456 1369 4554 quovit
1396 4459 1591 4530 etiamtum

123 4575 133 4590 ‘
958 4567 1002 4649 X
1066 4591 1085 4660 3
1458 4575 1459 4580 '
1498 4566 1595 4644 Geo-
