4184 5526
317 274 637 366 rrrrurrrr
670 293 739 360 ar
764 261 1141 382 rrnuou'rrrr,
1163 291 1315 365 amr.
1351 293 1445 367 tur.
1471 405 1476 412 Ι
1498 311 1565 385 321

164 434 256 545 Galo
280 447 509 550 quadratorio
534 457 731 552 contenta,
763 447 822 526 sed
844 445 1042 528 secundum
1066 472 1092 525 a
1104 504 1117 543 ,
1149 450 1421 552 &proveniens
1449 456 1566 535 rursus

95 594 128 626 .·
166 561 451 653 summandum,
485 561 543 640 [εά
571 561 765 643 secundum
788 575 825 641 x.
886 565 967 644 Nec
985 567 1091 664 rideo
1121 566 1209 666 quid
1242 567 1340 646 hunc
1363 571 1566 675 processum

160 677 346 784 impedire
376 704 538 781 unquam
564 678 693 781 poffit3
725 681 835 783 usque
862 681 953 760 adeo
985 697 1026 763 ut
1050 683 1210 761 adhiberi
1234 688 1339 764 etiam
1363 687 1425 765 suo
1450 691 1566 768 modo

14 791 20 798 ’
164 813 298 898 queat,
331 823 417 876 curn
442 799 653 899 quantitates
677 821 723 873 ne
743 797 968 900 quadratorie
988 801 1164 903 quidem,
1196 800 1255 877 sed
1285 816 1427 882 tantum
1463 805 1566 886 diffe-
1716 865 1726 880 .-

107 966 112 972 -
165 915 381 1026 rentialiter,
416 913 474 990 vel
498 937 712 1014 quacunque
730 916 794 993 alia
816 915 1034 1018 expressione
1051 942 1096 993 ex
1122 919 1268 994 summis
1289 913 1566 1024 differentiisque
1679 993 1691 1008 .

164 1032 409 1132 cujuscunque
433 1030 564 1130 gradus
583 1030 795 1130 complicata
830 1034 983 1129 dantur3
1015 1032 1076 1111 etli
1107 1049 1195 1110 tunc
1218 1030 1326 1111 etiam
1353 1037 1565 1119 determina-

162 1151 222 1224 tio
264 1151 441 1247 tangentis
476 1143 624 1248 quaelitae
650 1171 726 1224 non
763 1148 898 1250 semper
922 1151 1185 1227 construetione
1217 1153 1472 1250 quadratotia,
1505 1157 1565 1234 sed

162 1277 287 1342 tamen
313 1263 429 1364 aliqua
449 1262 671 1340 differentiali
691 1265 928 1367 explicatione
948 1275 1133 1368 utcunque
1162 1266 1267 1368 poffit
1294 1269 1425 1348 haberi.
1457 1271 1562 1352 Hanc

162 1403 301 1462 novam
317 1381 516 1458 nostrarum
541 1377 799 1459 methodorum
822 1382 1120 1492 applicationem,
1154 1409 1224 1483 qua
1255 1386 1411 1466 deicitur
1435 1389 1561 1492 aliquis

160 1495 303 1576 Calculi
342 1495 581 1574 differentialis
616 1495 754 1574 tollitur
786 1499 871 1576 Tibi
904 1516 981 1577 non
1015 1500 1270 1601 displicituram
1300 1519 1423 1606 puto,
1457 1505 1560 1584 Tuo·

158 1637 237 1716 que
259 1616 406 1712 ingenio
434 1611 599 1712 praeclare
621 1611 785 1692 illustrari
808 1628 914 1716 atque
939 1621 1061 1716 augeri
1080 1615 1178 1719 polle
1208 1617 1364 1697 conlido
1397 1620 1497 1700 Vale.

212 1843 345 1918 Dabam
363 1849 539 1916 Hanoverae
563 1833 612 1929 3⁶.
634 1843 773 1938 Augusti
795 1834 900 1936 1697.

1156 2063 1401 2146 Deditiffimus
1519 2126 1525 2134 .

1050 2191 1100 2272 G.
1132 2191 1177 2271 G.
1209 2193 1520 2318 Lu1aurr1us.

454 2517 1172 2676 ‘'srrsroafrssrr.

155 2777 783 2920 LetuN1T1-1Au
839 2778 1538 2918 BERKNoULttuM.

443 3023 494 3090 De
512 3015 652 3092 methodo
678 3017 907 3111 differortiandi
928 3020 966 3093 de
986 3047 1084 3095 uorsa
1105 3028 1139 3094 in
1157 3047 1297 3095 curvam.

376 3224 452 3318 Vir
483 3226 779 3319 Celeberrimel
817 3231 961 3319 Fautor
990 3229 1293 3319 Honoratilsune
1316 3241 1327 3319 l

151 3469 340 3674 Blnas
375 3483 470 3547 meas
501 3475 685 3573 acceperis.
747 3472 885 3550 Priores
919 3474 1009 3552 Tuis
1042 3472 1335 3579 respondebant:
1367 3473 1549 3574 sequentes
1608 3472 1704 3552 1697
1851 3487 1862 3500 '

281 3609 414 3665 novam
437 3587 657 3666 Methodum
682 3587 988 3669 differentiationis
1011 3615 1030 3666 a
1058 3592 1113 3669 Te
1138 3588 1365 3667 desideratam
1386 3593 1548 3671 contine-
1588 3555 1725 3654 August*

150 3707 250 3782 bant.
311 3701 384 3782 Has
405 3727 503 3782 nunc
523 3703 661 3792 scribo,
693 3717 734 3782 ut
761 3704 895 3807 aliquid
918 3707 1068 3790 addam,
1103 3707 1203 3806 quod
1219 3711 1448 3806 nuperrimae·
1466 3708 1549 3786 scti-

152 3823 253 3900 benti
278 3822 425 3901 effluxit
456 3819 636 3898 Sententia
658 3824 830 3898 nimirum
854 3846 932 3898 mea
948 3824 1016 3909 est,
1050 3823 1141 3898 rede
1162 3845 1229 3898 nos
1250 3820 1402 3902 isauros
1420 3824 1548 3904 finon·

149 3937 245 4015 nihil
262 3939 380 4017 adhuc
399 3953 532 4015 novam
561 3937 654 4016 hanc
673 3935 894 4016 Methodum
914 3937 1194 4027 dissimulemus,
1228 3939 1346 4016 donec
1375 3940 1437 4041 ipsi
1469 3941 1547 4020 satis

150 4051 206 4132 usi
228 4053 361 4150 limus}
391 4077 475 4130 nam
499 4054 611 4134 multa
634 4057 685 4130 ibi
708 4053 819 4131 latent
840 4057 983 4152 maioris
1007 4059 1213 4142 momenti,
1246 4079 1356 4155 quam
1378 4060 1456 4160 quis
1476 4063 1548 4159 pri-

148 4195 212 4248 ma
239 4169 360 4249 fronte
405 4170 605 4270 suspicetur.
666 4171 789 4270 ltaque
813 4173 997 4270 optimum
1032 4163 1149 4270 puto,
1191 4186 1233 4250 ut
1260 4193 1378 4274 neque
1410 4199 1547 4274 propo-
1581 4205 1582 4210 ¹

147 4311 277 4364 namus
304 4287 379 4364 aliis
407 4289 635 4387 quaerendam
669 4287 762 4365 hanc
787 4287 1050 4365 differentiandi
1083 4288 1140 4365 vel
1172 4303 1355 4388 tangentes
1389 4290 1546 4381 ducendi

148 4405 355 4596 ratipnem,
388 4429 504 4506 neque
528 4429 548 4483 a
577 4407 683 4483 nobis
707 4407 889 4486 inventam
918 4403 1104 4496 dicamus,
1137 4405 1254 4488 multo
1285 4409 1403 4485 minus
1429 4427 1544 4502 expo-

249 4512 379 4598 rtans
598 4577 602 4582 ,
1008 4521 1061 4601 δέ
1167 4543 1169 4548 ·
1420 4542 1546 4598 namus
