4222 5534
497 404 502 412 Ι
561 321 639 396 240
703 299 1231 390 ''u'onrrrrcrnrr
1278 297 1808 388 rattrorrctrnn·

400 477 498 565 ¹697
563 443 721 526 dirorum
744 441 923 552 Parrstno,
958 447 1074 550 ipsum
1096 451 1189 526 circa
1221 447 1351 526 ludum
1366 439 1527 549 Brffettc
1558 446 1694 550 ahquid
1721 447 1966 526 mathematioe

373 573 518 670 januar,
562 563 664 644 firille
693 565 927 656 meditatum,
961 565 1101 668 †quod
1121 581 1241 644 tamen
1265 591 1340 642 non
1362 565 1446 642 vidi.
1493 563 1672 666 Optarern
1699 563 1756 642 vel
1782 564 1897 666 ipsum
1911 566 1964 642 vel

564 683 675 762 alium
700 683 856 786 aliquem
877 686 982 764 ludos
994 688 1113 762 omnis
1133 686 1272 786 generis
1290 683 1540 788 mathematice
1559 684 1726 770 tradate,
1760 684 1798 758 dc
1821 698 1895 759 tam
1912 707 1962 760 re·

410 792 424 802 ’
484 825 491 832 ·
558 801 762 902 :gulamrm
794 802 864 879 lrve
901 804 1025 902 legum
1060 807 1236 880 rationem
1266 800 1445 886 reddere,
1479 825 1589 901 quam
1621 799 1767 878 artificia
1799 802 1963 900 primam

565 920 713 997 tradere.
775 917 861 997 Dici
890 945 967 996 non
993 921 1108 1020 potest
1137 919 1380 1021 quammulta
1408 915 1451 995 ad
1477 916 1602 994 Artem
1627 917 1836 994 inveniendi
1869 915 1961 993 utilia

566 1037 698 1114 lateant
724 1040 762 1113 in
788 1035 908 1114 Ludis.
971 1037 1082 1138 Cujus
1107 1041 1157 1114 rei
1187 1040 1281 1115 ratio
1297 1038 1368 1125 est,
1402 1035 1504 1136 quod
1526 1034 1692 1112 homines
1714 1037 1752 1110 in
1768 1031 1898 1132 jocosis
1910 1035 1961 1108 in-

559 1153 783 1253 geniofiores
810 1179 919 1255 quam
951 1158 988 1231 in
1012 1155 1104 1232 seriis
1134 1153 1201 1233 elle
1224 1154 1369 1244 solent,
1402 1177 1488 1232 cum
1505 1157 1620 1256 magis
1640 1153 1748 1231 nobis
1775 1149 1960 1230 succedant

557 1293 647 1372 quae
676 1295 760 1352 cum
789 1271 1022 1351 delectatione
1049 1279 1261 1374 peragimus.
1321 1272 1440 1366 Vale,
1870 1273 1872 1280 ’

608 1537 747 1610 Dabam
771 1545 943 1614 Hanovtrae
970 1541 1042 1627 29?
1058 1501 1194 1634 Januar.
1224 1548 1329 1630 1697.

1396 1725 1402 1733 ’
1542 1742 1787 1838 Deditiffimus

1152 1967 1368 2076 Godeftidus
1398 1943 1611 2052 Gdr‘llelmus
1638 1970 1951 2054 La1aurrrue

592 2209 656 2304 “P.
687 2211 721 2290 S
751 2209 872 2291 Habes
893 2207 1102 2286 sententiam
1129 2231 1247 2286 meam
1274 2207 1320 2284 de
1342 2206 1521 2288 solutione
1551 2234 1571 2287 a
1594 2207 1762 2288 Domino
1782 2205 1951 2283 siur-

551 2325 689 2406 aonr
721 2343 863 2407 tentata
918 2327 1050 2406 Putem
1078 2327 1277 2404 cavendum
1299 2325 1386 2402 Tibi
1407 2323 1499 2402 elle.
1529 2351 1576 2404 ne
1596 2326 1685 2404 dum
1711 2323 1868 2401 defedus
1882 2324 1951 2420 ejus

554 2445 692 2556 indicas
715 2503 725 2534 ,
759 2471 877 2523 veram
900 2444 1061 2522 solvendi
1080 2448 1256 2522 rationem
1276 2445 1413 2520 invitus
1434 2443 1671 2523 demonstret.
1732 2440 1778 2522 Et
1806 2440 1951 2544 quidem

547 2564 658 2662 quod
679 2561 887 2640 Dominum
909 2551 1168 2648 Marcbionem
1186 2559 1544 2640 Homnae-rou
1568 2565 1714 2648 attinet,
1746 2572 1875 2660 putem
1888 2581 1951 2657 op-

548 2682 644 2755 time
671 2677 726 2755 Te
754 2679 952 2766 facturum,
984 2675 1011 2753 li
1045 2678 1263 2756 solutionem
1286 2701 1409 2788 veram
1438 2678 1520 2780 ipsu
1542 2680 1816 2765 communices,
1849 2675 1950 2776 srqui·

545 2795 639 2872 -dem
662 2819 741 2872 eam
768 2796 838 2896 ipse
862 2795 1055 2890 defiderat3
1087 2794 1279 2896 prasertim
1303 2820 1388 2873 curn
1408 2797 1473 2897 ipli
1494 2798 1664 2875 amorbo
1690 2797 1792 2895 gravi
1814 2795 1950 2871 restim·

545 2925 624 3000 .··ro,
655 2936 704 2988 ne
726 2912 944 2992 suadendum
971 2913 1121 3015 quidem
1133 2911 1181 2988 -fit
1201 2927 1243 2991 ut
1265 2913 1342 2990 haec
1366 2914 1577 2992 meditetur.·
1626 2911 1722 2992 'Puto
1747 2937 1831 2990 vere
1858 2911 1950 2989 are

553 3029 626 3106 dici
656 3053 797 3107 nomen
832 3031 885 3107 illi
918 3029 1253 3132 Appropinqlratori
1275 3055 1361 3108 cum
1387 3030 1473 3111 Du'
1494 3027 1695 3110 Reorru
1730 3028 1949 3108 concertanti

552 3171 630 3224 non
657 3145 725 3225 elle
751 3147 998 3238 Laurum,
1032 3146 1091 3223 sed
1112 3147 1313 3237 Lanam,
1341 3149 1384 3224 ¹&
1408 3175 1429 3228 a
1451 3174 1511 3227 me
1536 3151 1652 3247 uicina
1679 3151 1829 3225 nomina
1854 3141 1949 3224 soille

552 3264 707 3372 confusa.
740 3264 882 3342 Vellem
910 3262 1094 3343 Dominus
1125 3257 1572 3344 Tscnraunnusrus
1594 3269 1740 3343 excitari
1761 3263 1795 3340 se
1812 3277 1948 3364 patere·

555 3396 636 3469 tur,
669 3383 712 3458 ad
731 3382 912 3460 edendum
938 3381 1073 3482 aliquid
1089 3386 1128 3459 in
1150 3385 1278 3460 nostris
1300 3383 1423 3461 studiis
1439 3383 1473 3461 le
1495 3367 1683 3483 dignum}¹
1706 3383 1837 3460 habere
1848 3385 1948 3458 enlm

555 3499 635 3575 talia
653 3523 729 3574 non
753 3498 891 3576 dubito.
924 3499 1115 3599 Sperabam
1139 3503 1356 3598 obiectiones
1384 3503 1514 3579 vestras
1540 3501 1639 3578 hunc
1664 3499 1832 3578 effectum
1851 3498 1950 3574 habi-

534 3613 672 3701 turas,-
704 3614 762 3690 sed
786 3615 953 3694 hactenus
975 3616 1175 3694 declinavit
1233 3616 1388 3695 Fortasse
1409 3617 1508 3696 dabit
1524 3619 1671 3695 tandem
1691 3641 1827 3697 manus.
1858 3615 1948 3693 Non

553 3733 703 3806 memini
724 3731 883 3810 dillinste
896 3733 1200 3823 Theo'rematum,
1220 3735 1266 3810 de
1290 3738 1418 3837 quibus
1436 3735 1652 3838 loquebatur
1669 3759 1755 3814 cum
1771 3733 1841 3810 hac
1853 3747 1949 3808 tran-

553 3845 642 3923 srret
704 3849 797 3943 Quae
819 3851 1036 3950 elegantiora
1057 3852 1148 3928 milri
1168 3851 1379 3930 videbantur
1392 3911 1408 3941 .,
1440 3856 1667 3954 pertinebant
1687 3852 1732 3930 ad
1761 3849 1948 3952 Polygona

556 3963 691 4040 circulo
709 3966 872 4067 inscripta
906 3971 944 4046 ἃ
981 3969 1255 4070 circumscripta.
1287 3971 1390 4048 Nihil
1417 3971 1508 4048 mihi
1527 3970 1660 4072 scripto
1698 3967 1948 4068 consignatum

492 4165 498 4173 ,
555 4079 672 4166 dedit3
705 4081 802 4158 unde
823 4091 935 4162 miror
954 4088 1075 4185 quod,
1096 4091 1139 4184 in
1152 4086 1409 4166 schediasmate
1426 4087 1513 4178 suo,
1548 4087 1594 4165 de
1618 4089 1737 4168 nescio
1759 4109 1829 4187 qua
1845 4107 1949 4161 conr-

554 4192 800 4273 muuicatione
819 4200 908 4276 mihi
927 4201 1014 4279 fana
1038 4208 1260 4281 mentionem
1278 4205 1393 4283 facete
1413 4205 1581 4283 voluerit.
1626 4205 1727 4286 Talia
1745 4201 1793 4282 lic
1813 4201 1945 4288 dicere,

436 4321 439 4326 ’
550 4312 702 4413 perinde
720 4317 769 4390 est
792 4337 833 4391 ac
859 4313 979 4392 finon
1002 4318 1106 4398 dicas.
1168 4319 1274 4402 Certe
1296 4323 1432 4430 aliquid
1457 4323 1542 4402 inde
1566 4319 1652 4404 duci
1676 4317 1776 4425 polle
1804 4319 1850 4400 ad
1877 4317 1948 4395 sol-

1830 4437 1950 4519 venda

470 4578 472 4582 '
633 4583 651 4636 t
666 4583 794 4660 Journal
806 4586 852 4644 der
869 4588 990 4666 anomr
1004 4587 1093 4664 1679·
1105 4604 1133 4661 4·
1143 4587 1242 4664 Journ.
1255 4595 1294 4661 du
1308 4615 1354 4681 ις.
1369 4600 1439 4666 serr.
