4222 5534
566 317 658 442 na
753 355 1250 450 commercium
1293 314 1822 454 a'ersrorrcuir,¹

424 517 522 601 1597
564 497 867 601 conspirationem
894 500 1158 592 determinatae;
1193 493 1235 576 Et
1256 496 1388 574 vellem
1407 521 1484 576 earn
1505 496 1659 600 produci
1683 503 1789 579 eriam
1816 501 1860 579 ad
1881 501 1960 603 pluss

411 612 510 693 ²Mai·
562 615 774 714 sapaudia,
808 641 885 693 nou
924 614 1006 717 quia
1036 614 1080 691 ad
1110 613 1185 692 haec
1216 613 1441 694 Problemata
1467 613 1602 692 necesse
1630 618 1680 694 est
1709 621 1726 714 [
1752 643 1831 720 quae
1863 621 1959 696 aliter

563 733 793 810 commodius
810 731 1013 826 solvimus]
1036 731 1094 808 sed
1113 735 1196 832 quia
1221 735 1259 807 in
1285 730 1361 809 aliis
1380 731 1477 810 utilis
1505 729 1718 835 effeporeu
1783 735 1962 814 Caeterum

555 875 649 956 ,cum
682 851 726 925 de
751 851 979 950 Problemata
1005 849 1126 952 aliquo
1147 848 1319 926 solvendo
1344 853 1484 950 agitur,
1518 875 1618 929 meus
1645 851 1773 952 scopus
1799 878 1878 928 non
1904 853 1956 930 so-

562 969 612 1045 let
644 965 739 1056 elle,
784 993 892 1070 quem
931 991 1137 1054 memoras,
1179 966 1365 1067 explorare
1402 993 1554 1046 acumen
1585 967 1784 1059 Solutoris‚
1817 969 1957 1046 sedvel

563 1087 716 1186 praestari
742 1084 876 1187 aliquid
897 1087 982 1164 utile
1010 1099 1071 1162 aut
1092 1083 1265 1183 elegans,
1298 1084 1356 1160 vel
1371 1083 1492 1161 saltem
1514 1089 1636 1184 augeri
1657 1100 1770 1162 artem
1787 1089 1956 1164 meditan-

564 1204 611 1280 di.
673 1200 720 1280 Et
755 1201 917 1292 solutio,
964 1225 1045 1302 quae
1074 1225 1151 1278 non
1183 1201 1457 1302 comprehendit
1485 1227 1611 1280 omnes
1646 1203 1952 1292 constructiones,

563 1325 670 1396 etiam
692 1318 898 1408 facillimas,
932 1316 1038 1396 habet
1063 1318 1197 1419 aliquid
1219 1315 1426 1419 imperfetli.
1460 1317 1504 1397 Et
1522 1324 1595 1418 jam
1620 1325 1744 1397 notavi
1772 1321 1857 1398 tales
1876 1345 1955 1422 pro·

561 1438 735 1514 ferentem
761 1465 836 1516 non
856 1437 1013 1526 laudari,
1037 1435 1094 1512 sed
1115 1435 1295 1514 interdum
1316 1453 1436 1513 tamen
1450 1434 1702 1518 excludentem
1723 1436 1869 1544 culpari

623 1595 720 1676 Cum
745 1597 893 1674 viderim
913 1593 1076 1779 ealmdem
1098 1593 1183 1672 Tibi
1209 1591 1722 1699 prud1reqvelDE,five
1745 1609 1921 1696 ponamus
1932 1622 1954 1704 y

565 1761 724 1842 elle-
667 1721 962 1898 {ql-esst
930 1783 1177 1913 4qq--rr
1190 1729 1616 1898 )liveyelle-q—
1630 1727 1752 1860 v(--
1716 1763 1954 1915 4,φφ-η)

344 1961 349 1970 ’
426 1971 428 1976 ·
561 1931 738 2008 festinatio
766 1929 830 2005 alia
857 1929 992 2030 agentis
1014 1927 1121 2012 fecit,
1164 1940 1206 2003 ut
1228 1948 1389 2012 vererer,
1421 1951 1468 2004 ne
1490 1927 1696 2006 incideres
1684 1951 1723 2002 rn
1716 1844 1952 2023 4Circulum3

561 2047 621 2124 sed
645 2049 735 2124 bene
764 2070 919 2133 mones,
953 2044 1053 2146 quod
1080 2043 1116 2118 sc
1139 2044 1252 2119 statim
1277 2041 1473 2120 attendenti
1503 2058 1622 2146 putet,
1655 2044 1691 2120 id
1712 2068 1775 2143 per
1798 2046 1833 2122 se
1858 2069 1955 2122 cave-

563 2169 617 2254 ri,
651 2167 688 2240 &
712 2161 837 2242 cessare
861 2163 922 2240 hic
955 2161 1225 2261 ambiguitatem
1261 2162 1404 2235 mutatis
1433 2161 1566 2261 fignis,
1600 2161 1763 2263 adeoque
1787 2187 1866 2240 non
1892 2159 1954 2238 elle

561 2279 790 2362 necessarium
815 2282 855 2359 in
876 2278 938 2359 tali
956 2278 1033 2356 casu
1065 2291 1105 2356 ut
1126 2275 1298 2354 formulas
1326 2278 1550 2356 extrahibiles
1573 2297 1779 2380 quaeramus,
1842 2277 1955 2375 Quod

561 2423 650 2476 vero
681 2397 866 2504 qccafione
888 2420 1046 2482 eorum,
1079 2417 1158 2494 quae
1182 2394 1226 2470 de
1246 2393 1410 2470 formulis
1429 2395 1697 2474 extrahibilibus
1719 2453 1732 2483 ,
1763 2395 1823 2475 seu
1846 2396 1887 2472 in
1904 2421 1956 2473 ra-

564 2517 713 2594 tionales
735 2515 947 2594 abeuntibus
967 2513 1012 2589 ad
1031 2511 1235 2611 separandas
1264 2513 1356 2586 inter
1377 2509 1411 2587 se
1434 2512 1582 2590 diversas
1609 2512 1743 2590 radices
1773 2515 1872 2606 dixi,
1898 2539 1956 2592 ve-

563 2637 650 2709 reris
670 2658 716 2710 ne
740 2632 909 2734 separatio
924 2631 985 2708 ista
1006 2631 1192 2727 contingat
1214 2630 1319 2706 nobis
1342 2631 1482 2719 invitis,
1517 2633 1554 2708 δι
1578 2629 1720 2708 diversae
1735 2632 1869 2710 radices
1888 2632 1953 2709 lint

563 2749 608 2826 ad
628 2749 785 2828 diversae·
798 2774 922 2828 curvas
940 2773 967 2856 3*
984 2748 1021 2822 id
1042 2744 1167 2824 censeo
1189 2769 1266 2822 non
1293 2742 1360 2823 elle
1379 2750 1638 2828 metuendum:
1672 2748 1730 2825 vel
1756 2747 1854 2825 enim
1878 2777 1953 2830 non

563 2865 623 2944 fiet
645 2867 812 2944 extraiiio
824 2892 836 2962 ;
868 2866 925 2942 vel
953 2863 978 2940 sr
1011 2862 1197 2951 succedet,
1231 2862 1428 2941 destruetur
1450 2867 1487 2943 id
1515 2891 1590 2968 quo
1625 2864 1759 2942 radices
1786 2868 1954 2968 distingui

561 2981 730 3086 pollent3
762 2983 863 3084 quod
890 2981 915 3060 li
942 2983 1015 3060 hoc
1034 3007 1112 3059 non
1131 2981 1220 3069 fiat,
1253 2984 1377 3082 utique
1396 3007 1503 3062 curva
1534 2985 1748 3085 proveniens
1770 3007 1848 3060 non
1887 2987 1951 3062 erit

562 3117 643 3201 apta
665 3102 709 3178 ad
742 3100 915 3202 scopum,
948 3099 1007 3177 sed
1029 3097 1180 3176 vitanda.
1241 3095 1287 3175 Et
1315 3100 1483 3178 vitabitur
1512 3100 1613 3189 sane,
1646 3099 1951 3178 fiemattionen

451 3229 453 3234 ’
560 3217 781 3296 indefinitam
805 3245 883 3296 nou
908 3241 1142 3320 procuremus
1161 3239 1255 3294 nova
1284 3217 1523 3317 explicatione
1551 3216 1657 3317 ipsius
1676 3237 1712 3292 x.
1744 3215 1866 3318 Itaque
1879 3243 1950 3293 am-

549 3338 609 3422 ¹bo
635 3335 760 3415 frustra
781 3336 916 3438 aliquid
937 3334 1021 3412 mali
1048 3337 1149 3413 veriti
1175 3332 1320 3433 sumus3
1356 3335 1458 3414 utiles
1476 3320 1596 3414 tamen
1618 3331 1699 3414 sunt
1716 3333 1949 3412 dubitationes

560 3455 657 3542 iste,
690 3455 813 3560 adres
845 3452 999 3555 penitius
1030 3451 1233 3530 noscendas.
1297 3455 1477 3534 Caeterum
1503 3451 1573 3532 save
1597 3477 1662 3554 per
1694 3454 1855 3554 quinque
1877 3453 1948 3530 illas

560 3574 776 3670 aquationes
799 3567 1084 3672 simplicissimas,
1119 3572 1155 3646 ἃ
1187 3569 1295 3650 semel
1329 3577 1368 3648 in
1393 3572 1597 3652 universum
1624 3569 1781 3647 valentes
1808 3593 1948 3648 mecum

561 3687 764 3786 procedas,
806 3687 875 3765 five
901 3713 1008 3774 non,
1050 3712 1106 3762 res
1128 3687 1253 3766 eadem
1285 3689 1362 3784 est3
1393 3695 1475 3790 post
1502 3691 1749 3766 inventionem
1780 3683 1948 3788 supprimi

545 3819 622 3878 ¹aut
639 3801 762 3880 larvati
781 3802 949 3902 possunt,
984 3807 1128 3880 interim
1143 3825 1145 3830 ⁴
1160 3804 1331 3906 exlribent
1352 3803 1666 3908 progressum&
1696 3803 1794 3883 velut
1823 3803 1948 3905 gradus

562 3922 690 3994 mentis
714 3923 752 3995 in
769 3921 996 3998 inveniendo

624 4034 805 4115 Dominus
827 4033 955 4116 Frater
977 4039 1111 4116 Tuus
1102 4065 1140 4117 rn
1161 4037 1319 4130 litteris,
1331 4043 1472 4144 quibus
1505 4041 1595 4120 mihi
1618 3975 1835 4120 solutionem
1857 4039 1947 4119 suam

476 4155 482 4162 “
561 4149 754 4250 fignificat,
787 4160 962 4257 piopbnit
980 4157 1070 4234 mihi
1095 4157 1380 4236 observationem
1401 4157 1593 4261 quamdam
1606 4161 1705 4240 suam
1726 4143 1944 4262 dioptricam,

485 4369 488 4376 .
562 4293 692 4369 nempe
722 4269 747 4345 fi
777 4276 909 4350 vitrum
932 4273 1058 4373 plano-
1058 4274 1208 4372 planum
1235 4275 1280 4352 ad
1308 4283 1413 4354 axeln
1445 4273 1587 4358 visanis
1621 4271 1724 4355 valde
1762 4275 1947 4377 obliquum

562 4387 749 4478 statuatur,
797 4389 964 4469 dextrum
987 4414 1051 4489 per
1077 4389 1334 4493 illudiucipere
1354 4418 1522 4496 apparere
1543 4394 1719 4474 sinistrum
1734 4395 1772 4470 &
1791 4387 1986 4478 vicissim,

560 4501 688 4608 supero
711 4523 831 4588 tuinen
854 4507 1030 4586 &infero
1053 4503 1158 4586 satum
1180 4507 1285 4588 suum
1315 4509 1473 4592 servante
1495 4539 1509 4612 3
1539 4501 1677 4594 caulam
1698 4511 1732 4593 se
1758 4535 1803 4590 cx
1821 4512 1949 4616 prirci-

1888 4626 1950 4734 piis
