4292 5530
560 296 609 364 er
755 287 1837 388 tommancrumsrrsrotrcttm

407 444 503 538 '1695
557 435 722 542 dipsam
743 459 770 512 x
796 436 989 518 afficientis,
1051 435 1096 516 Et
1115 436 1264 538 pulchre
1296 435 1448 520 notasti,
1471 433 1545 512 hoc
1569 433 1682 510 modo
1711 431 1799 532 ipsas
1819 427 1848 506 d
1861 443 1956 507 trac«
2128 523 2129 550 ,

413 547 494 640 Jufl·
561 559 627 634 tari
653 555 750 658 quafi
779 556 935 645 litteras,
968 579 1043 632 non
1073 553 1331 630 confiderando
1357 551 1445 653 ipsas
1469 573 1516 639 x,
1541 549 1598 628 vel
1612 575 1663 656 y,
1696 547 1761 626 nifi
1782 562 1955 650 tauquam
2124 551 2129 756 p

561 669 754 752 afficientes
778 673 932 750 litteram
950 669 997 760 d,
1023 669 1118 748 versa
1135 693 1256 749 rerunt
1282 667 1385 758 vice,
1419 693 1504 748 cum
1524 668 1605 745 alias
1625 663 1711 744 dlit
1727 679 1869 745 tantum
1885 687 1954 742 no·

561 803 599 868 ta
620 789 785 893 quaedam
800 789 1180 890 syncategorematica,
1197 812 1225 862 x
1245 801 1386 872 autern,
1415 788 1483 886 &y
1496 783 1563 865 srnt
1581 787 1802 887 quantitates.
1836 780 1952 878 Qvod

562 903 688 982 seriem
710 904 886 984 infinitam
910 910 1055 993 attinet,
1090 908 1222 1004 poterit
1245 927 1285 980 ea
1314 900 1497 980 interdum
1519 901 1715 980 commoda
1742 899 1858 990 finiri,
1890 896 1952 976 ali·

561 1047 671 1123 quarn
689 1045 734 1099 ex
754 1021 860 1123 ipsius
883 1020 913 1098 d
930 1021 1211 1124 quasi-potentiis
1227 1019 1399 1121 ponendo
1413 1019 1528 1096 nihilo
1557 1018 1749 1122 aequalem3
1780 1017 1953 1120 quemad-

562 1138 720 1216 modum
742 1140 780 1215 ἀ
814 1163 878 1240 per
913 1140 994 1216 alias
1024 1136 1237 1238 hypotheses
1270 1139 1396 1214 variari
1427 1135 1584 1216 calculus
1606 1136 1745 1236 potest,
1777 1138 1951 1237 quoniam

561 1255 668 1332 alicui
690 1253 971 1357 quad-potentia
991 1253 1097 1356 ipfius
1114 1251 1144 1329 d
1161 1255 1319 1330 valorem
1338 1276 1407 1352 pro
1435 1255 1583 1352 arbitrio
1600 1255 1756 1332 tribuere
1769 1253 1864 1330 licet
1895 1249 1950 1330 Ex

561 1370 617 1447 his
639 1375 712 1470 jam
733 1376 847 1472 magis
873 1372 1026 1471 intelligi
1046 1373 1219 1459 arbitror,
1247 1387 1383 1470 quanto
1399 1373 1477 1468 iure
1497 1369 1639 1448 dudum
1657 1369 1872 1450 differentias
1884 1393 1951 1470 po·

560 1493 701 1576 tentiis,
732 1487 885 1567 summas
906 1487 1082 1568 radicibus
1108 1489 1416 1588 comparaverim3
1446 1487 1547 1587 quod
1580 1511 1680 1566 nunc
1696 1487 1781 1569 reali
1807 1485 1952 1564 harmo-

561 1608 619 1682 nia
652 1607 932 1705 comprobatum
963 1606 1155 1706 prasertim
1181 1603 1337 1704 respersu
1371 1608 1516 1680 termini
1544 1604 1677 1704 ipsius,
1708 1602 1768 1682 seu
1803 1601 1950 1682 summe

560 1723 709 1822 primae,
737 1731 821 1823 'quae
836 1725 943 1800 etiarn
960 1721 1056 1822 quali
1075 1722 1291 1798 extractione
1307 1719 1460 1822 quadam
1478 1724 1666 1798 invenitur.
1708 1717 1754 1799 Et
1775 1724 1949 1811 omnino,

561 1861 641 1938 quae
673 1842 712 1914 iu
740 1843 960 1938 geometrica
990 1835 1234 1939 progrellrone
1264 1839 1303 1914 dc
1323 1837 1548 1936 logarithmis
1577 1840 1803 1937 operationes
1826 1835 1950 1921 locum

558 1953 713 2043 habent,
739 1979 797 2032 eas
810 1955 870 2032 hic
883 1958 1015 2032 imitari
1041 1955 1148 2040 licet,
1183 1953 1283 2054 quod
1310 1954 1390 2032 sane
1414 1951 1687 2052 ingeniosrlhme
1710 1957 1748 2032 in
1772 1978 1850 2032 rem
1863 1977 1951 2034 con·

558 2071 678 2150 tulisti.
738 2071 819 2149 Nec
841 2071 995 2159 dubito,
1028 2075 1117 2172 quin
1147 2075 1335 2170 egregium
1368 2072 1502 2172 aliquid
1528 2075 1566 2147 in
1598 2075 1721 2149 animo
1754 2070 1946 2162 habueris,

557 2211 645 2266 cum
667 2186 788 2286 scribis
810 2187 895 2277 Te,
927 2190 1022 2266 inter
1040 2188 1285 2276 scribendum,
1306 2213 1351 2265 ex
1375 2190 1552 2288 insperato
1574 2187 1732 2266 incidille
1755 2193 1792 2266 in
1807 2190 1947 2268 metho·

422 2331 426 2342 ·
556 2305 647 2382 dum
672 2303 926 2393 universalem,
958 2305 1016 2384 vel
1041 2329 1106 2406 per
1124 2305 1271 2391 seriem,
1292 2305 1351 2382 rel
1370 2309 1457 2383 citra
1473 2305 1597 2382 seriem
1619 2305 1819 2384 lummandi
1839 2332 1951 2408 quan·

556 2424 696 2500 ritatem
714 2419 985 2500 differentialem
1014 2422 1183 2524 cuiusque
1217 2423 1373 2524 gradus,
1405 2422 1626 2525 infinitaque·
1646 2425 1712 2502 alia
1741 2423 1949 2508 adhucdum

557 2537 762 2616 abscondita
784 2536 845 2616 hic
862 2537 990 2630 latere,
1022 2559 1102 2642 qoae
1121 2565 1218 2620 nunc
1238 2541 1402 2620 excolere
1427 2565 1504 2618 non
1529 2555 1640 2619 vacet.
1700 2541 1815 2638 Quod
1843 2543 1950 2622 simi-

470 2705 474 2720 ·
558 2655 598 2731 hi
622 2679 701 2731 eam
728 2653 962 2745 methodum,
996 2659 1034 2733 dc
1054 2679 1135 2759 quae
1157 2657 1275 2736 aliain
1292 2658 1346 2734 his
1370 2673 1581 2747 occurrent,
1614 2663 1950 2758 communicaveris,

559 2771 706 2849 habebis
726 2765 1058 2872 me'praeclarorun
1077 2778 1311 2854 inventorum
1334 2775 1503 2856 ‘luorum
1521 2798 1730 2878 praecontm
1752 2777 1951 2856 carrdidillr·

558 2959 695 3045 mum.
735 2936 902 3018 Succellrt
930 2937 1118 3052 consen-sus
1144 2945 1252 3020 etiam
1282 2945 1375 3022 inter
1403 2941 1428 3042 (
1441 2965 1472 3018 x
1495 2947 1545 3032 -l-
1560 2947 1653 3033 x-l·
1665 2965 1689 3048 y
1709 2915 1836 3038 )”¹·&
1858 2950 1953 3026 inter

566 3073 749 3205 dmxx„
773 3103 889 3182 modo
908 3075 1640 3218 scribas(x÷g÷y)mszd”‘xky;
1665 3111 1714 3185 ita
1743 3112 1841 3186 enim
1862 3109 1890 3187 sr
1912 3136 1952 3186 m

558 3219 620 3310 fit,
654 3241 701 3308 2,
726 3209 1481 3327 fietx²÷Z²÷y²†2xZ÷2xy-l-
1505 3211 1614 3327 affy,
1647 3225 1684 3302 dt
1708 3216 1951 3322 d²x÷d²b

437 3379 441 3384 -
558 3344 608 3424 ÷
628 3335 756 3438 d²y÷
774 3334 898 3449 rdxdg
914 3345 964 3427 4-
980 3335 1102 3448 adxdy
1114 3347 1162 3429 4-
1182 3337 1307 3444 αᾶξᾰγ.
1369 3337 1427 3417 Sic
1445 3343 1544 3418 naim
1560 3355 1685 3419 mearet
1700 3348 1947 3442 comparatio,

559 3451 675 3528 modo
696 3472 724 3523 x
745 3454 782 3527 ἃ
808 3442 834 3547 ξ
858 3477 935 3534 non
961 3453 1248 3542 confundamus,
1281 3451 1342 3531 etsi
1360 3459 1576 3538 concidant.
1618 3457 1716 3538 Hinc
1734 3455 1877 3542 libertas
1890 3485 1952 3540 va·

558 3567 701 3655 riandi,
734 3591 814 3667 quae
838 3574 972 3668 poterit
998 3569 1162 3672 prodeile
1183 3573 1229 3650 ad
1253 3571 1517 3653 summandum.
1911 3561 1914 3567 ¹

615 3683 755 3784 Regula
780 3709 849 3786 pro
875 3684 1157 3768 coefficrennbus
1180 3689 1398 3790 potestatum
1415 3715 1436 3766 a
1454 3691 1695 3792 polynomiis,
1725 3695 1786 3774 sen
1802 3721 1951 3798 genera-

497 3809 499 3814 '
558 3801 586 3878 li
608 3803 825 3901 potestatum
849 3807 1106 3902 generatione,
1139 3829 1218 3907 quar
1241 3805 1332 3883 mibi
1364 3805 1557 3908 aliquando
1576 3815 1758 3911 naviganti
1780 3816 1818 3890 in
1849 3840 1950 3892 men-

558 3931 632 3994 tem
657 3921 777 4005 venit,
808 3943 886 3996 non
907 3919 1083 3998 abludita
1115 3921 1205 4001 Tua.
1266 3921 1385 4002 Soleo
1412 3939 1532 4004 tamen
1561 3932 1764 4017 enuntiare,
1798 3931 1844 4008 ad
1877 3935 1950 4010 evi-

556 4034 701 4110 tandam
725 4033 939 4116 divisionum
973 4043 1220 4131 mentionem,
1251 4064 1317 4142 per
1343 4064 1515 4119 numeros
1547 4045 1856 4137 combinatorios,
1888 4073 1948 4126 ve-

555 4149 624 4227 luti
643 4154 687 4226 in
706 4151 1007 4252 decima-septima
1029 4159 1191 4254 potentia
1219 4160 1369 4236 existens
1392 4157 1510 4236 forma
1541 4155 1582 4233 ι’
1597 4151 1690 4236 b⁴c’
1704 4153 1800 4238 Ν
1840 4165 1949 4244 habet

556 4263 842 4362 cotfficientem,
874 4271 937 4369 qui
960 4267 1023 4356 ht,
1056 4293 1140 4348 curn
1161 4276 1199 4350 in
1231 4275 1266 4351 se
1286 4277 1442 4352 invicem
1458 4276 1641 4358 ducuntur
1665 4285 1807 4358 numeri
1829 4286 1948 4382 expri-
1970 4346 1976 4362 .

554 4399 693 4463 mentes
724 4407 774 4482 17
799 4389 1217 4486 servamquaterniones,
1256 4411 1370 4486 17-4
1387 4409 1508 4474 return
1532 4397 1732 4486 tensiones,
1771 4419 1942 4492 17-4-3

1753 4555 1760 4568 ·
1801 4539 1944 4595 »rerum
