4292 5530
336 290 724 400 LiiiBNiT'iiEt‘
754 289 1341 445 BERNOU'LLiipEner.
1364 291 1463 372 XX.
1558 293 1634 391 '105

617 634 1256 730 EPISTOIAXX.
1350 663 1356 668 '
1452 733 1455 740 .

116 936 121 941 .
223 855 902 960 LEIBNITIIAD
958 795 1628 1059 BERNOULLIUM

424 1134 428 1142 ·
541 1105 813 1251 Responsio
835 1110 897 1218 ad
924 1055 1326 1255 praecedentem.

220 1421 224 1431 .
294 1377 344 1447 De
361 1371 479 1452 obibo
503 1391 665 1467 conponit
685 1373 875 1465 difficultates
900 1373 1048 1454 removet.
1101 1388 1152 1453 De
1183 1381 1391 1474 differentii,r
1416 1409 1548 1479 qrttunm
1633 1467 1637 1482 .

714 1487 893 1568 exponentes
916 1501 979 1549 non
998 1486 1122 1572 integri.

466 1679 542 1772 Vir
565 1673 853 1786 Celeberrime,
886 1684 1025 1811 Fautor
1045 1685 1373 1780 Honoratissrmei

346 1961 473 2042 Audeo
498 1919 554 2038 Te
576 1960 709 2042 salvum
735 1955 958 2067 Groningam
987 1963 1177 2068 appulisse,
1211 1965 1249 2042 &
1273 1968 1340 2044 rite
1361 1939 1522 2066 auspiciis
1546 1990 1614 2066 pu·
1664 1977 1758 2059 1695

365 2078 452 2154 biici
487 2080 646 2156 muneris
682 2081 910 2181 perfundam
946 2080 1054 2160 fuisse.
1115 2081 1251 2162 Omnia
1278 2098 1420 2181 ternpus
1454 2082 1615 2161 faciliora
1631 2061 1792 2140 Decemb.
1890 2110 1892 2121 ·

221 2189 371 2282 reddet,
406 2197 443 2272 dt
469 2193 570 2297 quod
593 2195 752 2274 studiosis
779 2197 951 2273 docendis
971 2201 1036 2274 tibi
1061 2202 1217 2298 peribit,
1243 2201 1377 2300 poterit
1395 2195 1612 2276 vicillimac-

222 2306 402 2398 crescere,
436 2307 462 2386 Γι
488 2333 579 2412 quos
602 2314 779 2402 invenias,
813 2327 874 2392 aut
891 2313 1016 2402 facias,
1050 2319 1114 2416 qui
1140 2315 1229 2392 Te‘
1216 2338 1338 2412 Juvarc
1356 2313 1495 2414 polsrnt.
1517 2313 1611 2392 Nul-

221 2421 294 2504 lam
316 2424 384 2504 esse
399 2429 589 2526 regionem
609 2428 745 2505 credidi
771 2429 956 2518 hedenus,
989 2433 1028 2506 in
1055 2455 1125 2531 qua
1146 2435 1259 2530 magis
1283 2429 1408 2508 floreat
1433 2428 1606 2528 Algebra,

224 2543 331 2618 etiam
349 2546 440 2620 inter
459 2543 619 2643 plebeios
652 2543 839 2638 homines,
873 2569 981 2646 quam
1004 2549 1041 2626 in
1067 2537 1233 2623 Batava.
1295 2545 1402 2626 Certe
1437 2547 1499 2622 vix
1524 2545 1609 2623 alibi

222 2655 342 2758 plures
360 2657 460 2740 Libri
479 2658 565 2736 tales
585 2655 774 2739 vernantia
801 2660 924 2760 lingua
947 2660 1066 2761 scripti
1091 2676 1212 2740 extant
1214 2718 1457 2740 .......
1474 2705 1498 2754 ·.
1531 2721 1539 2736 .
1572 2721 1581 2738 .

273 2770 500 2876 Scmpulos,
534 2800 596 2877 qur
586 2775 699 2856 Tibi
715 2774 897 2877 supersunt
914 2781 1006 2854 circa
1027 2776 1253 2888 Dynamicen
1272 2801 1410 2879 meam,
1428 2791 1520 2878 puto
1534 2775 1608 2870 adi-

218 2889 402 2993 mipolie.
457 2883 585 2968 Priene
607 2884 790 2996 Objetiio,
824 2897 1087 2994 omniumque
1104 2897 1142 2971 in
1164 2894 1237 2972 hoc
1258 2897 1409 2994 negotio
1436 2892 1512 2970 fieri
1525 2893 1619 2993 pos-

218 3003 300 3086 sunt
321 3009 372 3084 est
391 3005 655 3130 speciosissima:
688 3008 913 3088 Celeritatem
945 3001 1099 3087 materiae
1124 3008 1298 3109 gravificae
1321 3007 1431 3116 esse·
1420 3032 1605 3126 rncompa7

219 3123 375 3202 rabiliter
395 3121 591 3223 majorem,
623 3135 732 3225 quam
755 3127 916 3224 corporis
934 3128 1077 3224 gravis,
1109 3128 1216 3204 itaut
1245 3149 1372 3226 grave,
1405 3128 1478 3220 ejus
1503 3129 1604 3200 com·
1720 3201 1723 3208 ,

218 3244 422 3338 paratione,
449 3239 588 3340 semper
606 3241 782 3342 quiescere
805 3241 982 3328 videatur,
1007 3245 1061 3321 uti
1084 3243 1224 3320 testudo
1243 3240 1400 3340 respectu
1415 3237 1603 3315 ictuasclo-

215 3359 301 3454 peti.
362 3355 576 3456 Respondeo
595 3355 810 3444 verissimum
837 3357 910 3434 hoc
937 3354 1024 3444 elie,
1058 3359 1095 3436 δι
1123 3357 1288 3435 effectum
1305 3358 1369 3456 qui
1390 3354 1604 3454 producitur

216 3476 255 3548 in
277 3474 407 3550 mobili
426 3472 558 3561 tardo,
589 3455 696 3550 telem
716 3470 803 3560 eise,
835 3472 861 3549 Γι
879 3487 1106 3574 comparetur
1127 3474 1245 3550 motui
1280 3469 1332 3547 illi
1356 3466 1596 3558 velocilsrno,

218 3602 259 3665 ut
287 3587 356 3664 five
380 3589 521 3666 tardum
544 3589 696 3690 quiescat
717 3588 842 3689 plane,
868 3587 963 3665 srae'
953 3613 1025 3686 Jam
1047 3587 1120 3665 Γιι·
1109 3611 1148 3664 ιιι
1170 3602 1294 3675 motu,
1321 3585 1600 3664 discrimennun

217 3701 278 3780 fiat
298 3705 464 3782 notabile.
525 3705 562 3782 Si
590 3705 721 3784 scilicet
747 3705 874 3782 oculus
893 3703 1027 3804 positus
1048 3701 1124 3781 srt'
1114 3727 1153 3780 ιιι
1180 3704 1295 3806 globo
1326 3702 1497 3802 iuopeti,
1528 3702 1599 3781 five

215 3823 254 3895 in
282 3820 480 3908 testudine,
515 3822 552 3895 ἃ
571 3843 616 3896 ex
636 3845 712 3898 uno
730 3819 863 3898 horum
893 3819 1052 3920 respiciat
1077 3821 1227 3898 alterum
1252 3846 1261 3896 :
1294 3842 1371 3896 non
1395 3819 1536 3896 notabit
1559 3821 1599 3899 in

215 3929 403 4014 resultante
425 3935 612 4014 discrimen
629 3939 720 4014 intel
738 3935 854 4012 casum
885 3939 1012 4034 quietis
1031 3936 1068 4010 δι
1092 3949 1214 4014 motus
1236 3934 1337 4012 tardi.
1397 3934 1466 4011 Sed
1494 3932 1521 4010 fi
1547 3935 1598 4010 es·

213 4051 325 4131 ‚festus
351 4075 491 4141 novus,
537 4055 601 4152 qui
626 4075 691 4152 per
722 4050 833 4128 isium
864 4050 1077 4148 producitur
1097 4054 1135 4126 in
1167 4050 1244 4150 ipso
1275 4072 1430 4150 corpore
1454 4049 1556 4129 tardo
1582 4083 1618 4140 ,··

215 4179 445 4300 comparetur
472 4192 557 4246 cum
582 4169 703 4267 peiore
731 4180 860 4253 motu,
894 4163 951 4240 vel
973 4164 1125 4255 effettu,
1159 4170 1222 4267 qui
1244 4165 1282 4243 in
1310 4165 1386 4266 ipso
1412 4170 1484 4265 jam
1516 4167 1596 4262 est;

214 4285 368 4368 omnino
393 4283 476 4372 ille,
508 4283 665 4383 respectu
698 4283 831 4379 hujus,
863 4279 1030 4360 notabilis
1067 4284 1144 4368 esta
1177 4283 1339 4384 adeoque
1365 4279 1434 4358 hac
1458 4285 1597 4360 ratione

82 4433 88 4444 ·
213 4398 373 4495 metitum
394 4402 541 4496 interest
564 4404 657 4487 inter
677 4397 732 4498 id
738 4397 839 4504 quod
869 4397 969 4480 idem
986 4397 1103 4492 ictus,
1135 4397 1220 4488 licet
1253 4399 1485 4508 celerrimus,
1509 4419 1599 4496 prm

261 4505 385 4616 Tm
408 4509 505 4596 1
1026 4511 1066 4613 Q
1496 4511 1598 4597 ducit
