4168 5524
546 320 632 415 '410
729 329 1797 424 conuenerunarrsrorrcuu,
1875 375 1880 394 ..

400 527 500 620 1698
556 477 673 554 tirates
696 472 881 554 successive
914 475 1109 554 crescentes
1132 474 1190 550 vel
1215 475 1484 564 decrescentes,
1516 499 1593 552 non
1630 475 1746 554 solum
1773 499 1855 552 non
1886 495 1942 572 per

394 630 518 710 0an
555 589 660 671 saltus
691 597 814 693 augeri
839 595 1047 671 &diminui
1073 591 1188 692 posse,
1221 591 1279 668 sed
1308 594 1415 669 etiam
1444 593 1520 670 non
1542 590 1642 692 posse
1666 597 1859 692 generari,
1892 587 1943 664 vel

554 707 687 788 destrui
720 735 795 788 uno
829 708 977 810 impetu.
1011 699 1057 788 Et
1079 710 1151 786 hnc
1171 703 1245 785 fere
1272 709 1322 786 est
1343 733 1388 785 ex
1408 707 1598 809 praecipuis
1608 705 1830 796 rationibus,
1849 705 1943 806 quod

553 849 613 900 me
639 825 783 904 induxit
808 825 854 904 ad
885 825 1229 924 consessurandum,
1263 848 1385 902 annon
1418 826 1512 902 sorte
1537 840 1593 902 tot
1613 826 1745 925 gradus
1765 825 1942 902 infinitatis

552 939 620 1018 lint
644 940 745 1042 snpra
768 941 931 1020 nostrum
950 941 1241 1040 magnitudinum
1266 963 1402 1042 genua,
1420 957 1511 1042 quot
1535 943 1627 1020 infra
1648 943 1727 1022 sunt
1745 941 1879 1041 gradus
1894 945 1942 1016 in·

551 1057 660 1136 linitae
684 1061 890 1164 parvitatis3
921 1057 979 1135 vel
1001 1057 1122 1136 saltem
1146 1055 1169 1159 [
1196 1061 1280 1158 quia
1304 1057 1484 1135 inlinittun
1510 1061 1548 1134 ἃ
1573 1059 1709 1136 infinite
1733 1083 1888 1162 parvum
1908 1061 1942 1132 in

447 1185 449 1190 ’
551 1198 672 1252 rerum
705 1192 827 1254 natura
850 1175 936 1252 Tibi
963 1173 1168 1274 displicet]
1193 1175 1506 1275 quemadmodum
1530 1177 1775 1280 microscopiis
1809 1175 1942 1273 detegi-
1978 1219 1982 1225 ·

551 1315 632 1368 mus
657 1290 867 1368 animalcula
884 1291 1207 1390 incomparabiliter
1231 1294 1370 1368 minora
1398 1279 1517 1392 quam'
1532 1317 1628 1380 nos,
1660 1295 1698 1368 dc
1725 1305 1853 1371 caetera
1876 1294 1943 1368 ani·

551 1407 656 1484 malia
692 1409 798 1484 nobis
824 1407 1015 1501 consueta3
1048 1409 1086 1484 &
1109 1406 1239 1507 procul
1265 1406 1378 1485 dubio
1400 1409 1461 1486 iila
1492 1409 1728 1498 animalcula,
1761 1409 1787 1486 fi
1816 1411 1857 1484 ἀ
1889 1407 1942 1484 sna

551 1523 723 1602 haberent
741 1524 995 1624 microscopia,
1027 1527 1157 1602 iterum
1185 1524 1393 1624 detegerent
1420 1517 1486 1601 alia
1507 1525 1541 1602 se
1564 1527 1694 1604 iterum
1720 1529 1943 1623 incompara-

430 1710 437 1722 ,
551 1640 670 1717 biliter
691 1629 850 1728 minora,
884 1643 922 1717 dr
951 1641 999 1718 src
1023 1664 1164 1740 porro:
1196 1639 1303 1718 Unde
1327 1664 1410 1718 cum
1433 1658 1567 1720 natura
1599 1641 1737 1720 nonsit
1760 1641 1942 1720 consenta-

550 1781 686 1846 neum,
718 1757 913 1836 secundum
939 1781 1063 1835 meum
1085 1760 1331 1858 principium,
1363 1781 1409 1835 ex
1430 1759 1585 1858 abrupto
1607 1757 1808 1846 subsistere,
1843 1759 1942 1834 colli·

553 1897 604 1972 go
631 1871 655 1974 [
682 1875 819 1962 rideas,
852 1899 917 1974 per
941 1899 1000 1953 me
1023 1875 1132 1962 licet,
1163 1873 1265 1966 Jalia
1279 1923 1283 1932 ι
1299 1875 1462 1952 animalia
1482 1877 1521 1950 in
1545 1899 1666 1952 rerum
1696 1889 1820 1952 natura
1845 1872 1940 1974 posse

552 1993 718 2079 existere,
744 2015 824 2091 quae
846 1993 978 2075 nobis,
1011 1988 1207 2092 nostrisque
1228 1991 1440 2069 animalibus
1463 1991 1661 2080 consuetis,
1681 1995 1719 2066 in
1742 1993 1871 2068 eadem
1891 2015 1940 2068 ra-
2066 2007 2067 2050 l

403 2202 407 2214 Ι
550 2108 652 2183 tione
670 2111 804 2205 majora
826 2107 918 2196 sint,
950 2111 1084 2207 inqua
1112 2107 1171 2186 illa
1198 2107 1408 2184 animalcula
1433 2108 1677 2208 microscopio
1694 2108 1830 2184 detetla
1861 2106 1940 2184 sunt

550 2226 715 2312 minora,
737 2246 900 2325 ¹quaeque
915 2216 1012 2312 nos',
1044 2225 1083 2300 in
1103 2225 1229 2300 nostro
1248 2223 1412 2310 mundo,
1444 2223 1508 2302 suo
1535 2225 1776 2325 microscopio
1806 2229 1939 2302 intueri

550 2337 684 2427 solent,
718 2357 760 2418 ut
781 2365 849 2417 nos
867 2344 1051 2419 intuemur
1067 2341 1148 2418 talia
1174 2339 1385 2418 animalcula
1406 2345 1606 2420 innumera,
1664 2341 1709 2420 Et
1736 2341 1802 2418 alia
1821 2340 1938 2420 rursus

550 2453 617 2538 else
640 2453 738 2556 posse
760 2459 924 2535 ammalia
948 2457 1272 2556 incomparabiliter
1302 2455 1379 2541 illis
1405 2463 1563 2554 majora,
1596 2458 1713 2560 licque
1738 2457 1940 2555 totgradus

548 2595 654 2672 pono
675 2573 917 2661 ascendendo,
950 2590 1042 2675 quot
1067 2576 1188 2650 brueni
1211 2572 1470 2656 descendendo.
1529 2575 1626 2652 Nam·
1644 2601 1732 2652 nrm¹
1747 2576 1857 2650 uideo
1874 2576 1939 2670 [ut

549 2691 621 2786 jam
644 2687 733 2764 serio
757 2688 913 2790 loquar]
937 2716 1000 2770 cur
1024 2714 1114 2778 nos,
1146 2693 1335 2794 nostraque
1349 2689 1532 2779 animalia,
1558 2691 1766 2792 supremum
1783 2690 1940 2787 gradum

549 2804 765 2882 constituere
792 2806 1022 2901 deberemus3
1053 2809 1161 2907 quia,
1194 2823 1235 2886 ut
1255 2810 1347 2888 clare
1367 2823 1487 2906 patet,
1517 2811 1624 2884 etiam
1645 2808 1726 2886 talia
1743 2805 1939 2885 aninralcu-

550 2918 584 2998 la
598 2922 936 3021 ,incomparabiliter
972 2925 1091 3000 nobis.
1113 2925 1278 3015 minora,
1310 2923 1374 3001 srbi
1403 2923 1538 3001 adulari
1566 2921 1733 3026 possent,
1763 2922 1937 3004 stastum-

549 3059 623 3136 que
649 3037 853 3137 guttulam,
882 3041 920 3115 in
948 3063 1018 3139 qua
1040 3039 1223 3129 habitant,
1257 3057 1377 3120 tntum
1403 3041 1621 3118 constituere
1647 3039 1879 3140 universums
1910 3037 1936 3116 [i

545 3153 660 3231 inodo
684 3153 854 3236 haberent
877 3159 1032 3233 anitium
1048 3158 1278 3260 rationalem,
1306 3173 1347 3237 ut
1371 3162 1420 3235 ita
1433 3160 1634 3234 ratiocinari
1655 3155 1804 3258 possent
1837 3157 1936 3236 Con-

546 3271 664 3359 cede,
690 3271 748 3348 vel
770 3271 868 3372 finge
894 3272 1045 3362 saltem,
1074 3273 1266 3372 granulum
1291 3277 1423 3378 piperis
1453 3277 1531 3364 [in
1562 3297 1637 3375 quo
1657 3279 1790 3374 pariter
1812 3273 1933 3354 nualtae

544 3388 720 3486 myriades
745 3387 1066 3478 animalculorum,
1090 3389 1183 3466 'teste
1209 3391 1688 3478 Lsuwruuuacnio,
1717 3394 1755 3466 ἃ
1776 3414 1860 3467 maa
1879 3392 1934 3488 ip-

541 3500 578 3578 sa
600 3504 780 3604 autopsra,
814 3507 1056 3608 microscopio
1092 3505 1391 3606 conspiciuntur]
1413 3507 1545 3584 habere
1566 3505 1645 3585 suas
1676 3521 1792 3606 partes
1821 3508 1933 3583 nostri

544 3622 674 3698 mundi
702 3621 860 3722 partibus
881 3649 948 3723 per
976 3640 1095 3702 tntum
1125 3624 1437 3722 proportionales3
1475 3621 1606 3701 scilicet
1635 3621 1739 3702 suum
1771 3623 1932 3710 Solem,

540 3732 621 3812 *suas
645 3739 767 3815 Stellas
794 3739 907 3826 fixas,
933 3739 1013 3818 suos
1047 3737 1204 3816 Planctus
1236 3725 1322 3818 dum
1349 3739 1587 3846 Satellitibus,
1618 3741 1716 3820 suam
1747 3740 1932 3819 Tellurem
2066 3729 2067 3802 ἶ

546 3867 709 3930 ornatam
740 3857 953 3944 montibus,
997 3858 1158 3952 eanrpis,
1190 3853 1321 3956 sylvis,
1361 3857 1534 3955 rupibus,
1572 3855 1712 3946 lluriis,
1745 3857 1892 3936 lacubus
1914 3913 1963 3967 ,ἢ

537 3969 718 4057 maribus,
749 3973 922 4072 variisque
942 3973 1178 4050 animalibus:
1210 3973 1378 4080 Credisne
1396 3973 1463 4051 hos
1476 3973 1698 4073 pipericolas,
1722 3977 1785 4075 qui
1808 3976 1930 4051 omnia

542 4082 604 4161 ista
623 4085 760 4181 objecia
777 4089 840 4164 sub
857 4083 991 4168 eodem
1017 4089 1158 4166 vifiorris
1184 4091 1344 4190 angulo,
1378 4089 1617 4190 adeoquesub
1636 4091 1762 4169 eadem
1792 4095 1930 4190 magni-

333 4215 334 4223 ‘
442 4245 448 4256 ·
542 4199 668 4280 tudine
686 4201 903 4300 aspicerent,
935 4233 1006 4306 qua
1031 4208 1135 4284 nobis
1155 4209 1275 4286 nostra
1291 4222 1481 4308 apparent,
1514 4232 1592 4288 non
1622 4207 1754 4288 eodem
1769 4211 1929 4312 jure-pu-

542 4330 616 4396 tare
653 4317 780 4415 posse,
820 4335 917 4397 extra
947 4323 1048 4400 suum
1076 4325 1270 4422 &anulum
1299 4325 1390 4401 nihil
1424 4323 1517 4413 else,
1552 4349 1632 4426 quo·
1658 4350 1725 4406 nos
1762 4341 1928 4426 manus

537 4435 702 4536 nostrum
725 4435 905 4521 muudum
930 4442 1055 4520 omna
1077 4441 1304 4548 complesti?
1334 4443 1431 4524 Nam
1455 4465 1672 4549 quamunitas,
1705 4441 1844 4550 quaein,
1870 4441 1931 4516 ba-

1808 4560 1935 4642 berou
