4168 5524
230 297 532 389 rnrnnrrrr
564 277 1066 384 urrunnun-llll,
1093 241 1256 371 nrrsr,
1282 293 1444 371 XCVIH·
1491 313 1570 390 477

163 438 330 516 refanum
352 433 462 514 videri
480 442 638 538 accipere
655 441 729 516 vim
748 427 782 514 se
807 435 976 516 dilatandi
994 441 1169 536 maiorem
1192 462 1300 538 quam
1322 445 1561 540 proportione
1620 467 1718 548 1599

164 560 332 634 raritatis:
365 557 536 632 nimirum
571 554 735 655 pondus,
768 555 870 656 quod
900 565 959 632 aer
983 545 1127 647 rarior,
1160 573 1260 634 certo
1296 557 1423 634 caloris
1446 557 1562 657 gradu
1613 559 1701 653 Seps.

164 673 348 758 calesastus
364 729 373 760 ,
391 671 581 749 sustentare
604 672 742 772 potest,
776 675 949 770 majorem
984 672 1115 774 habere
1141 676 1318 750 rationem
1337 674 1382 750 ad
1404 675 1560 775 pondus,
1593 689 1597 698 '

164 788 264 888 quod
295 788 391 864 idem
416 800 474 864 aer
493 813 569 890 non
596 789 781 866 calefactus
809 789 998 876 sustentat,
1032 813 1142 890 quam
1165 788 1272 867 habet
1290 792 1445 888 pondus,
1463 789 1565 892 quod

164 917 222 982 ast
253 901 392 980 densior
409 905 538 982 eodem
565 905 691 982 caloris
713 904 826 1004 gradu
847 905 1031 983 calefadus
1052 904 1239 984 sustentare
1258 907 1378 996 valet,
1412 909 1457 984 ad
1469 931 1567 1008 pon-

165 1022 256 1107 dus,
289 1020 388 1120 quod
419 1009 582 1098 sustentat
612 1045 688 1096 non
720 1020 913 1132 caleiaslus.
974 1020 1057 1120 Ejus
1090 1022 1237 1123 quidem
1267 1027 1318 1100 rei
1346 1028 1564 1125 experientia

165 1137 255 1215 mihi
274 1137 437 1215 nondum
465 1139 609 1218 constat.
641 1135 964 1242 Experimentunr,
1000 1139 1100 1240 quod
1120 1141 1159 1216 in
1184 1163 1268 1218 eum
1286 1137 1396 1218 finem
1426 1165 1567 1241 propo-
1616 1193 1620 1200 -

166 1257 244 1340 nis,
277 1278 347 1354 ope
366 1255 538 1334 tuboruur
562 1255 720 1332 duorum
744 1253 836 1333 fastu
863 1253 965 1334 facile
989 1255 1158 1335 videtur:
1191 1257 1309 1360 potest
1344 1272 1489 1345 tamen,
1523 1273 1584 1336 ut·

165 1387 257 1474 puto
286 1371 403 1466 adhuc
430 1367 566 1450 facilius
591 1368 726 1448 institui
739 1395 803 1470 per
832 1371 907 1450 duo
934 1371 1141 1450 Barometra
1164 1377 1393 1462 communia,
1413 1399 1492 1474 quae
1523 1377 1562 1450 in
1595 1390 1597 1394 ·
1703 1433 1705 1439 .

167 1485 338 1586 superiori
363 1503 461 1586 parte
486 1487 641 1586 ampulla
660 1487 906 1588 grandiuscula
933 1490 1098 1567 instruda
1120 1486 1249 1584 elsent3
1273 1488 1321 1568 Ea
1340 1493 1384 1568 ad
1401 1492 1566 1569 ul'umita

169 1617 395 1704 pararentur:
428 1604 662 1704 implerentur
690 1603 810 1702 primu
837 1629 940 1682 more
967 1604 1074 1682 solito
1098 1610 1312 1693 mercurio,
1355 1607 1413 1684 sed
1442 1612 1490 1684 ita
1513 1623 1564 1684 ta-

169 1744 282 1806 men,
315 1734 356 1796 ut
380 1720 577 1818 paurdllum
599 1719 686 1828 aeris
712 1723 750 1796 in
769 1736 924 1822 utroque
944 1737 1165 1810 remaneret,
1199 1724 1235 1798 &
1261 1724 1407 1824 quidem
1428 1725 1566 1812 indata

169 1839 332 1921 ratione,
366 1839 521 1940 exempli
555 1840 696 1935 gratia,
729 1837 843 1938 duplo
877 1839 958 1942 plus
987 1843 1025 1914 in
1055 1865 1129 1918 uno
1155 1861 1262 1939 quam
1287 1843 1325 1914 in
1349 1842 1493 1934 alter03
1525 1841 1588 1916 id·

171 1953 271 2056 quod
292 1952 395 2030 facile
418 1951 562 2053 agnosci
587 1953 728 2056 potest,
761 1952 787 2029 sr
815 1956 894 2032 tubi
917 1954 997 2034 sunt
1020 1957 1164 2056 aequalls
1195 1955 1378 2052 craffitiei3
1409 1959 1528 2054 postea
1549 2011 1561 2042 ,a

172 2067 340 2166 impolito
367 2069 484 2168 digito
507 2071 669 2160 orificio,
699 2067 960 2150 inverterentur
977 2075 1014 2148 δι
1035 2075 1216 2152 mercurio
1240 2075 1412 2172 stagnanti
1430 2077 1468 2148 in
1484 2072 1586 2150 'val--

174 2186 258 2265 culo
294 2187 619 2286 immergerentur3
650 2186 768 2284 digito
806 2187 1005 2275 lauduuo,
1039 2169 1330 2267 descenderet&
1368 2194 1568 2269 mercurius

174 2301 396 2405 pauloinfra
420 2301 557 2380 solitam
583 2303 829 2392 altitudinem,
862 2306 914 2380 ob
942 2305 1030 2382 illud
1061 2309 1234 2404 exiguum
1262 2306 1369 2394 reris,
1402 2308 1503 2406 quod
1527 2309 1586 2382 in·

174 2421 269 2498 tubis
294 2417 457 2496 relidam
487 2421 563 2514 est3
595 2423 657 2521 qui
683 2443 768 2496 vero
787 2431 845 2498 a'er
860 2424 993 2498 mirum
1011 2420 1050 2498 in
1069 2423 1225 2501 modurn
1242 2423 1410 2512 rareliet,=
1439 2436 1569 2522 utpote

176 2540 240 2638 qui
257 2537 449 2634 oc'cuprdrit
475 2553 596 2614 tutum
613 2534 778 2635 arnpullae
800 2535 974 2638 spatium,
1008 2533 1048 2614 &¹
1069 2541 1202 2616 bonam
1229 2541 1308 2619 tubi
1326 2556 1489 2639 partem:
1513 2543 1572 2614 ni-

176 2652 373 2731 hilominus
397 2668 518 2750 tannen
541 2651 567 2728 sr
593 2653 670 2730 duo
690 2653 745 2730 isti
772 2657 868 2743 tubi,
903 2679 975 2732 una
1000 2677 1085 2732 cum
1109 2657 1275 2756 ampullis
1300 2656 1394 2744 suis,
1427 2681 1490 2756 per
1512 2673 1573 2733 to-

177 2784 256 2876 tum
280 2767 344 2844 libi
356 2781 486 2848 mutuo
503 2768 569 2847 fint
588 2767 716 2846 similes
740 2771 776 2846 ἃ
796 2769 971 2870 aequales,
998 2777 1064 2848 erit
1090 2781 1149 2848 aer
1170 2775 1207 2848 in
1233 2799 1334 2862 ruso,
1368 2774 1486 2854 adhuc
1505 2761 1591 2852 du?

179 2887 243 2988 plu
266 2889 381 2982 major
405 2909 514 2986 quarn
537 2889 575 2962 in
603 2885 741 2971 altero,
765 2885 837 2964 fine
855 2885 1006 2966 sensibili
1025 2887 1235 2966 discrimine.
1295 2888 1376 2990 Jum
1396 2891 1440 2965 ad
1464 2913 1576 2988 expe·

179 3007 373 3081 rimenturn
401 3001 630 3092 faciendum,
663 3002 724 3082 illa
743 3003 819 3080 duo
844 3005 1046 3084 Barometra
1073 3030 1119 3082 ex
1142 3005 1273 3082 eodem
1297 3007 1382 3082 loco
1404 3005 1574 3104 frigide,
1626 3007 1630 3014 ”

181 3123 313 3220 inquo
336 3118 426 3209 sunt,
442 3119 557 3197 subito
573 3119 843 3200 transferrentur
866 3127 904 3198 in
926 3124 1082 3200 eundem
1105 3123 1230 3200 locum
1250 3122 1403 3200 calidum
1421 3119 1579 3222 [exem-
1679 3187 1680 3192 t

181 3237 232 3337 pli
255 3237 386 3336 gratia,
419 3252 460 3314 ut
483 3237 627 3314 effer
649 3239 917 3342 pe'rceptibilior
942 3238 1040 3316 lieret
1064 3244 1103 3315 in
1120 3239 1337 3316 sudatoriam
1359 3238 1460 3316 valde
1485 3237 1579 3314 cale-

182 3353 337 3433 fastum:
369 3350 393 3454 ]
412 3354 636 3431 manifestum
662 3353 740 3442 est,
773 3355 823 3432 ob
842 3363 960 3432 aerem
981 3361 1020 3440 in
1043 3354 1208 3454 ampullis
1224 3355 1401 3432 inclusum
1422 3356 1460 3431 dt
1481 3359 1581 3432 inca-
1622 3405 1627 3412 -

182 3469 391 3556 lescentem,
419 3473 636 3548 mercurium
653 3469 731 3546 fore
757 3469 1029 3558 descensurum,
1062 3473 1098 3570 dc
1128 3472 1274 3571 quidem
1300 3471 1338 3548 in
1364 3496 1408 3548 eo
1437 3475 1579 3569 magis,

184 3591 222 3663 in
246 3611 321 3687 quo
348 3594 406 3662 atr
435 3589 553 3662 minus
576 3587 625 3662 ell
648 3609 753 3663 rarus.
776 3598 784 3632 ¹
814 3587 854 3666 ld
882 3592 994 3687 igitur
1016 3603 1155 3665 tantum
1184 3587 1445 3666 observandum
1465 3585 1576 3676 esset,

186 3729 230 3780 an
256 3709 294 3778 in
310 3701 377 3780 illo
404 3708 508 3781 etiam
531 3703 644 3806 duplo
673 3703 755 3806 plus
779 3703 1002 3782 descensurus
1023 3702 1128 3798 elset3
1163 3731 1246 3782 nam
1265 3703 1290 3780 n
1311 3709 1449 3792 minus,
1469 3729 1579 3805 quam

187 3819 301 3922 duplo
317 3819 419 3919 plus,
451 3817 676 3896 descenderet
684 3845 696 3914 ;
726 3837 817 3898 tunc
840 3821 1041 3918 comestura
1061 3821 1237 3898 Borrrr
1251 3847 1332 3898 vera
1358 3823 1459 3910 soret.
1495 3819 1582 3898 Ete-

188 3940 266 4012 nim
285 3943 343 4013 aer
370 3939 483 4014 rarior
499 3934 662 4037 aloelore
681 3952 768 4016 tunc
795 3935 978 4038 accepisset
1000 3940 1075 4012 vinr
1102 3937 1135 4013 se
1168 3939 1336 4014 dilatandi
1367 3942 1538 4035 maiorem
1563 3995 1577 4026 ,

191 4077 296 4154 quam
315 4057 553 4156 proportione
579 4055 736 4145 raritatis.
756 4050 760 4056 ’
780 4053 879 4132 Nota
904 4055 1005 4155 quod
1033 4058 1072 4130 in
1091 4054 1221 4131 fabrica
1248 4055 1379 4132 horum
1410 4055 1580 4132 Barome·

190 4185 360 4253 trorum,
392 4170 491 4246 inid
518 4157 803 4249 incumbendum
829 4171 899 4259 sit,
934 4186 974 4248 ut
999 4175 1195 4249 mercurius
1229 4175 1344 4272 probe
1370 4169 1579 4269 solicitequc

189 4301 362 4386 purgetur
380 4288 424 4365 ab
447 4292 533 4366 aeris
554 4286 698 4364 bullulis
710 4290 750 4362 in
769 4290 958 4365 interstitiis
974 4289 1142 4364 mercurii
1159 4288 1369 4383 latentibus3
1401 4313 1446 4364 ne
1460 4297 1517 4362 aer
1531 4309 1580 4362 ex

188 4387 367 4484 mercurio
388 4403 597 4496 ascendens,
630 4406 670 4487 dc
690 4408 790 4494 aliti,
823 4402 886 4510 qui
908 4405 1026 4484 debita
1048 4428 1157 4506 opera
1181 4409 1219 4482 in
1243 4405 1336 4486 tubis
1357 4405 1496 4481 relittus
1510 4404 1576 4488 est,

413 4514 424 4530 ”
846 4539 849 4546 ’
962 4519 1087 4602 Οοο
1153 4545 1172 4614 3
1547 4519 1584 4597 se
