4184 5526
366 395 466 508 1637

387 511 456 606 Jul.

719 74 737 131 Χ

531 227 613 308 ψ,
685 161 1807 320 ,pammacrunt-,saraaearcun„

529 369 841 457 conuenientiam,
874 370 967 450 inter
992 367 1240 459 Diaclallicam
1255 364 1303 439 -&
1332 363 1603 469 Hyperbolum,
1637 365 1697 464 sed
1738 393 1816 457 non
1839 372 1928 450 vidit
2070 322 2071 389 3

529 482 778 586 Hyperbolam
793 481 860 562 esse
881 486 989 586 ipsam
1005 485 1273 570 Diaclallicam‚
1300 483 1400 582 quod
1421 477 1638 562 Causast
1653 509 1716 562 us·
1731 485 1870 566 sortasse
1884 513 1927 566 ex
2070 480 2071 485 ‘

530 599 755 680 Ksacanr
775 602 1070 680 meditationibus
1090 603 1295 678 admonitus
1325 604 1471 677 invenit.
1635 671 1639 681 .

589 719 770 820 Agnosces
790 719 883 818 ipse,
919 720 1056 810 credo,
1091 717 1220 798 Duum
1244 717 1705 798 llncssrnncntun
1722 722 1849 800 melius
1858 721 1931 799 sao-

530 849 655 914 turum
677 835 796 922 fnisse,
831 837 948 927 sante,
967 840 1067 936 cujus
1096 838 1343 938 admonitione
1366 854 1568 928 correxerat
1591 833 1731 936 regulas
1753 839 1849 928 suas,
1881 840 1924 916 de

529 952 603 1052 ipsa
629 955 852 1032 comestione
898 952 1146 1042 consuluisset,
1188 967 1379 1052 antequam
1405 977 1460 1030 eas
1502 947 1542 1029 in'
1582 954 1771 1052 publicum
1806 955 1923 1034 denuo

530 1069 833 1170 praecipitavisset,
867 1071 1084 1171 quantillum
1115 1073 1211 1160 enim
1233 1083 1306 1158 erat
1330 1068 1468 1170 aliquot
1495 1069 1705 1169 septimanas
1719 1071 1925 1172 expettare?

531 1185 708 1264 Nectum
734 1185 836 1263 facile
862 1185 925 1263 libi
952 1187 996 1264 de
1020 1213 1078 1264 me
1096 1185 1306 1288 persuadere
1326 1186 1501 1274 debebat,
1534 1184 1622 1263 salsas
1643 1211 1703 1262 me
1741 1191 1923 1290 principiis

532 1305 620 1389 niti,
654 1321 738 1379 cum
766 1328 820 1379 res
841 1303 1033 1390 ostenderit
1059 1305 1175 1404 ipsum
1197 1305 1318 1403 potius
1348 1303 1478 1380 talibus
1500 1299 1764 1396 fuisse-nixum.

543 1461 549 1502 :
592 1419 762 1501 Praeterea
774 1445 872 1498 error
884 1423 983 1500 abeo
1000 1417 1203 1512 commissus
1229 1421 1278 1506 est
1298 1419 1490 1518 inRegulis
1528 1423 1652 1510 novis,
1686 1443 1762 1514 non
1788 1435 1923 1500 tantum

531 1552 662 1613 contra
684 1540 904 1636 principium
935 1563 1084 1625 meum,
1125 1541 1287 1616 coinon
1322 1533 1594 1626 assentiebatur,
1636 1535 1696 1612 sed
1729 1539 1766 1614 &
1803 1551 1925 1616 contra

534 1653 634 1730 illam
655 1653 762 1752 ipsam
792 1677 927 1743 meam·
949 1658 1193 1734 continuitatis
1230 1653 1389 1753 Legem,
1421 1657 1481 1744 cui
1518 1649 1784 1730 assentiebatur:
1829 1653 1923 1754 quod

531 1793 608 1868 ego
630 1769 878 1850 admoniturus
902 1795 1025 1862 eram,
1057 1769 1083 1848 st
1116 1773 1324 1870 tempestive
1360 1791 1419 1862 mc,
1449 1765 1697 1862 consuluiset,
1738 1769 1924 1848 dissrmula-

535 1899 637 1970 turus
658 1911 725 1972 ea,
759 1887 806 1964 de
823 1911 981 1990 quorum
1001 1891 1184 1988 principiis
1206 1889 1463 1988 pugnabamus
1542 1965 1547 1976 ,

506 2047 509 2054 ¹
542 2041 548 2051 ¹
566 2003 804 2094 Ubimeasad
821 2005 1114 2094 Caussarum
1131 1997 1471 2104 Animadverstoner
1485 1983 1665 2082 remittere
1676 2003 1774 2082 voles
1784 2031 1795 2099 ;
1827 1983 1923 2104 quod

533 2145 632 2222 rogo
662 2146 709 2196 ne
724 2199 729 2206 ,
742 2119 814 2197 line
839 2121 929 2199 Tuis
950 2125 1046 2208 notis
1076 2121 1275 2221 separatim
1289 2123 1425 2220 scriptis
1447 2121 1574 2213 facias3
1603 2124 1739 2223 poteris
1773 2122 1924 2222 dirigere

532 2237 592 2315 ad.
609 2237 818 2324 Dominum
839 2230 1042 2319 Geraerdum
1065 2238 1141 2318 Ma
1151 2261 1198 2336 Jr
1211 2259 1318 2320 aum
1345 2235 1585 2336 Theologam
1606 2229 1838 2338 Bremerrfem.

545 2382 549 2390 ·
596 2354 700 2434 Circa
733 2378 887 2455 corpora
923 2355 1096 2434 indiculsa
1136 2352 1282 2455 possunt
1310 2356 1477 2434 constitui
1502 2353 1643 2453 gradus.
1704 2351 1749 2430 Et
1760 2351 1925 2456 strmmus

537 2471 679 2578 quidem
693 2470 835 2575 gradus
860 2475 928 2562 est,
960 2497 1046 2550 erun
1065 2488 1183 2573 partes
1211 2473 1381 2556 eumdem
1410 2470 1547 2572 semper
1572 2469 1708 2548 servant
1738 2470 1844 2552 litum
1858 2474 1925 2569 ‚in-

535 2589 668 2681 torse3
699 2588 759 2673 seu.
786 2613 873 2671 cum
895 2610 1027 2692 corpus
1050 2592 1100 2666 est
1117 2589 1272 2688 porsette
1292 2587 1471 2690 rigidum,
1502 2601 1608 2688 atque
1625 2586 1699 2682 hoo
1723 2590 1796 2685 est,
1825 2589 1922 2690 qaod
2071 2623 2072 2630 Ν

507 2727 509 2730 ·
536 2727 670 2790 ,onrnes
691 2705 874 2784 'hattenus
906 2708 1025 2788 atomi
1044 2709 1193 2784 nomina
1221 2729 1409 2808 accepere,
1432 2706 1480 2794 ,dc
1502 2703 1606 2814 quod
1623 2697 1923 2792 Democritio&

532 2813 761 2923 ,Gaffl-ndtstr
778 2823 816 2900 &
839 2845 885 2898 ex
906 2815 1122 2922 Cmestants
1141 2822 1175 2902 C
1182 2846 1484 2903 onoemorus
1504 2824 1544 2900 in
1566 2817 1688 2898 rerum
1714 2835 1840 2899 natura
1862 2819 1924 2900 esse

532 2939 748 3034 credidere3
778 2939 908 3040 quibus
943 2941 1052 3020 etiam
1088 2963 1205 3041 nuper
1240 2939 1379 3020 accessit
1419 2937 1621 3036 Hnnfrso
1635 2961 1850 3035 caenum
1879 2963 1924 3016 eo

413 3079 433 3136 Τ
458 3081 464 3096 ·
486 3089 501 3126 ·:
535 3071 680 3139 tantum
700 3055 921 3144 discrimine,
949 3055 1050 3158 quod
1066 3047 1303 3136 Democritio*
1327 3081 1372 3136 ex
1393 3054 1475 3134 solis
1497 3057 1628 3165 atomis
1664 3049 1788 3152 omnia
1827 3079 1924 3134 oom-

363 3195 385 3211 ”
429 3204 448 3222 ··
504 3175 684 3274 'ponunt
693 3231 709 3272 ,
746 3173 868 3274 eisque
910 3197 1066 3260 vacuum
1108 3177 1347 3272 interjiciunt,
1393 3173 1452 3250 sed
1495 3171 1924 3266 Hanasoarrsaus

529 3295 722 3376 materiam
745 3292 898 3392 persetle
926 3291 1073 3370 fluidam
1090 3293 1185 3370 inter
1208 3305 1352 3370 atomos
1371 3289 1525 3400 perfetio
1547 3287 1650 3366 duras
1663 3289 1830 3378 diffudit,
1851 3289 1924 3366 duo
1953 3295 1957 3303 '

518 3421 697 3488 ,extrema
724 3412 818 3488 inter
844 3409 880 3488 se
899 3413 1134 3509 conjungens.
1193 3405 1275 3508 Ego
1301 3431 1388 3485 vero
1414 3431 1483 3507 pro
1507 3405 1751 3484 demonstrato
1782 3405 1923 3496 habeo,

386 3523 388 3526 ’
528 3549 608 3604 :nec
624 3525 776 3627 perferre
799 3525 910 3615 dura,
943 3549 1011 3604 nec
1034 3524 1188 3626 persetlc
1202 3524 1311 3604 fluida
1335 3524 1421 3602 dari
1482 3513 1532 3602 Etv
1554 3523 1696 3622 gaudeo
1715 3523 1924 3624 quodnunc

438 3811 450 3830 c
478 3804 481 3812 .

532 3643 644 3722 ¹video
667 3643 722 3720 Te
738 3659 883 3722 mecum
906 3642 1061 3744 persetle
1080 3641 1188 3730 dura,
1222 3666 1264 3721 ac
1287 3663 1444 3723 vacuum
1476 3642 1584 3718 etiam
1614 3643 1768 3739 rejicere.
1829 3641 1925 3720 Nam

524 3783 645 3842 omne
676 3775 814 3862 corpus
839 3763 953 3845 ,etiam
994 3760 1374 3861 qtannuumcunque,
1406 3781 1490 3835 meo
1518 3753 1636 3846 sensu,
1678 3757 1850 3836 dividitur
1884 3753 1924 3834 in

530 3891 646 3978 partes
676 3876 755 3955 anu
783 3878 819 3952 δι
847 3877 995 3979 quidem
1017 3900 1108 3954 non
1132 3865 1273 3954 tantum
1312 3889 1434 3952 mente
1453 3871 1696 3972 alsrgnabiler,
1728 3873 1787 3950 sed
1806 3876 1845 3950 dc
1872 3874 1927 3950 di-

524 3986 691 4072 uersitate
714 4007 885 4078 motuum
904 3994 1028 4094 'reapse
1050 3994 1244 4085 discretas,
1278 4009 1319 4073 ut
1341 3997 1382 4070 in
1396 3989 1765 4094 vorticibustpsrsque
1777 3992 1924 4089 jactibus

524 4133 731 4213 aquarum3
761 4113 870 4190 itaut
891 4136 971 4214 pars
989 4111 1138 4214 quidem
1155 4115 1195 4190 in
1219 4109 1282 4194 tali
1302 4133 1490 4213 corporea
1504 4121 1605 4212 parte
1643 4108 1829 4198 recedat,
1850 4132 1924 4188 non

526 4240 653 4334 tamen
670 4227 790 4308 naam
818 4243 966 4307 atoto.
1771 4308 1778 4322 .
1847 4282 1851 4290 .

1873 4342 1924 4424 In
