4222 5534
277 295 600 408 rrrsnrrrr
630 331 701 407 rr
722 327 1115 424 arenearum,
1143 323 1306 410 rnen
1335 323 1427 408 rto.
1512 347 1598 430 ,sos

196 459 267 542 sub
309 464 411 566 prelo
443 463 583 570 sunt],
631 467 694 546 ubi
736 490 828 568 opus
859 464 1064 552 recensione
1091 464 1279 566 diligenti3
1311 463 1601 568 prosecutionem
1647 499 1744 582 167
1802 551 1812 560 ,.

200 573 346 661 Codicis
347 588 447 689 juris
470 575 644 664 Gentium
666 576 930 689 Diplsmaetici,
963 586 1063 681 cujus
1088 583 1261 662 volumen
1290 587 1361 683 jam
1384 583 1501 675 edidi,
1519 595 1599 658 tum
1656 509 1726 683 Jui.

199 699 316 778 multa
344 726 425 804 quae
456 693 619 803 quotidie
642 705 794 781 veniunt
818 705 872 778 in·
890 717 1069 788 mentem,
1102 723 1180 778 non
1209 704 1246 778 in
1276 699 1429 779 Mathesr
1456 712 1598 776 tantum

199 813 263 892 sed
287 820 325 894 δι
343 819 502 910 Phihca,
537 819 826 921 &Philosophia
850 818 1089 920 profundiore
1117 821 1155 896 dc
1181 818 1339 899 Historia
1365 817 1532 919 &.Jure,
1561 839 1598 894 a·

200 931 345 1035 liisque,
378 961 458 1038 quae
479 941 601 1039 paucis
624 940 741 1016 verbis
759 941 798 1017 in
816 935 953 1015 schedis
986 933 1194 1036 confignate
1212 936 1336 1025 soleo,
1368 959 1414 1012 ne
1437 947 1593 1038 pereant

200 1050 306 1132 Adde
330 1057 437 1136 etiam
451 1053 866 1154 cogitatadeElementis
887 1054 981 1156 Juris
1007 1053 1156 1147 Naturae
1188 1053 1445 1132 constituendis
1484 1051 1597 1150 longe

199 1168 325 1262 aliter,
357 1191 465 1272 qnam
493 1175 607 1274 vulgo
625 1176 842 1274 opinantur,
875 1173 921 1249 de
945 1196 1020 1276 quo
1040 1171 1190 1250 subinde
1202 1167 1381 1264 meditor;
1411 1173 1481 1268 jam
1500 1173 1598 1244 enim
1733 1237 1736 1240 .

198 1288 349 1388 promisi
380 1289 526 1394 publice
553 1306 635 1370 ante
656 1289 791 1369 multos
814 1311 927 1366 annos
934 1316 947 1387 3
977 1289 1106 1368 sedita
1129 1314 1228 1390 ago,
1260 1303 1397 1367 utrem
1414 1285 1598 1394 conseram

199 1427 287 1490 cum
323 1405 482 1506 Legibus
508 1406 681 1488 Romanis
718 1409 757 1483 de
788 1405 852 1486 usu
876 1405 989 1486 Fosi:
1035 1407 1095 1484 sed
1121 1409 1283 1507 inprimis
1307 1405 1442 1484 molior
1464 1423 1600 1481 novam

199 1520 372 1625 Analyfin
392 1526 514 1629 multo
543 1540 685 1630 recepta
707 1523 978 1613 sublimiorem,
1013 1549 1082 1624 pro
1108 1527 1212 1602 omni
1240 1525 1513 1602 ratiocinatione
1531 1522 1600 1600 hu·

199 1663 328 1738 mana3
375 1641 539 1724 Chimica
580 1647 709 1730 etiam,
739 1641 948 1729 Technica,
979 1639 1220 1730 Methanica,
1266 1643 1305 1718 in
1340 1665 1422 1744 quae
1449 1639 1601 1718 subinde

199 1762 384 1861 operarios
408 1760 475 1838 alo.
538 1760 590 1840 lta
608 1761 766 1860 judicare
787 1773 891 1860 potes
913 1759 1083 1838 anliceat
1099 1760 1191 1836 mihi
1211 1758 1299 1859 saepe
1325 1761 1365 1834 in
1384 1757 1603 1858 profundio-

197 1880 298 1958 ribus
318 1881 546 1978 geometricis
567 1871 704 1957 sersari.
764 1876 819 1957 A'c
845 1876 1002 1977 proinde
1025 1903 1101 1954 non
1132 1879 1262 1966 debes,
1293 1865 1352 1953 uel
1375 1876 1557 1975 indignarl
1584 1932 1597 1963 ,

152 1985 157 1992 ’
198 1995 269 2073 rel·
291 1995 409 2073 verbis
435 1995 643 2076 durioribus
679 1997 938 2095 impatientiam
972 1998 1082 2077 animi
1104 1995 1319 2084 ostendere,
1360 1997 1501 2096 quoties
1521 2017 1599 2069 non

117 2145 120 2150 ·
198 2114 317 2197 setim
348 2117 471 2215 omnia
500 2115 626 2193 videos
660 2115 779 2192 dicere
808 2112 852 2190 ad
889 2127 1049 2190 mentem
1081 2113 1212 2192 Tuam.
1272 2112 1405 2212 Neque
1436 2112 1520 2189 ideo
1539 2111 1600 2188 vel

196 2230 517 2322 inoonliderantia,
541 2232 599 2308 vel
614 2231 835 2333 negligentia
862 2231 1077 2328 objicienda.
1136 2229 1202 2308 Me
1227 2229 1378 2330 quidem
1400 2229 1460 2304 hie
1487 2229 1596 2330 stylus

174 2353 319 2435 minus
340 2363 485 2438 movet,
516 2353 583 2451 qui
611 2349 685 2429 scio
710 2348 802 2428 nihil
815 2348 900 2424 inde
924 2343 1193 2426 benevolentia*
1208 2347 1299 2424 Tuae
1315 2343 1512 2442 deceffisse3
1537 2343 1600 2422 alii
1749 2379 1753 2384 “
1804 2330 1815 2344 “

195 2480 319 2545 tanna
342 2467 589 2558 delicatiores,
623 2468 680 2544 vel
700 2471 931 2552 mirarentur,
967 2465 1025 2542 vel
1043 2467 1176 2564 aegrius
1199 2467 1424 2563 acciperent3
1455 2462 1600 2562 praeser-

186 2587 267 2662 tim
285 2609 371 2676 cum
392 2587 574 2665 decentius
597 2565 729 2662 inunt:
762 2586 801 2661 δι
822 2583 895 2660 dici
917 2609 972 2662 res
993 2579 1075 2687 ipsae
1093 2585 1187 2660 inter
1210 2584 1348 2660 unicos
1383 2577 1530 2682 possunt
1558 2580 1599 2656 δε

162 2791 167 2800 ,
195 2701 448 2784 uerehmul&
473 2701 691 2792 commode,
707 2700 970 2804 atqueutgalli¹
982 2701 1108 2778 dicunt
1125 2693 1405 2804 abligeammmr.

99 2849 102 2854 ·
182 2873 184 2876 v
256 2819 395 2904 Interea
418 2821 508 2902 dum
534 2822 649 2902 sateor
669 2842 747 2900 non
765 2818 865 2922 posse
891 2843 951 2897 nse
971 2819 1109 2918 semper
1123 2819 1202 2898 satis
1222 2821 1429 2898 attentionis
1447 2814 1598 2894 adhibe·
1678 2881 1682 2890 .

175 2963 258 3035 τε,
290 2963 368 3020 non
392 2941 476 3022 ideo
498 2955 621 3018 tamen
650 2938 825 3040 profiteor
845 2959 924 3026 me,
957 2935 983 3014 fi
1010 2935 1238 3026 adhiberem,
1264 2937 1394 3034 statim
1411 2961 1488 3012 rem
1513 2931 1601 3011 alse-

193 3073 383 3146 cuturum.
441 3059 532 3140 Non
559 3058 688 3138 dubito
715 3059 803 3159 quin
830 3056 966 3159 aliquid
988 3058 1125 3154 egregii
1138 3055 1277 3132 artificii
1303 3053 1388 3131 Tibi
1416 3053 1596 3140 inciderit,

194 3199 315 3277 neque
341 3175 379 3254 id
396 3200 417 3254 a
433 3199 495 3254 me
518 3177 670 3256 memini
692 3179 907 3264 contemni,
964 3172 1025 3252 etsi
1065 3187 1226 3278 mentem
1254 3171 1373 3250 Tuam
1410 3167 1600 3246 nonsatis

193 3297 427 3396 perceperim.
489 3295 609 3392 Quod
630 3316 691 3370 me
708 3295 857 3382 attinet,
890 3305 1068 3394 quantum
1091 3313 1191 3369 nunc
1213 3287 1445 3368 tumultuaria
1479 3283 1597 3363 consr-

194 3411 381 3490 deratione
405 3416 501 3492 inter
519 3413 747 3493 scribendum
769 3407 900 3514 assequi
925 3409 1037 3499 licet,
1081 3427 1176 3510 puto
1206 3405 1431 3507 Synchronas
1457 3403 1600 3506 semper
1673 3473 1679 3485 .

187 3528 295 3632 ¹posse
310 3531 434 3608 haberi
451 3555 516 3632 per
542 3533 803 3632 quadraturam.
866 3527 964 3608 Nam
994 3551 1104 3618 cum,
1138 3525 1224 3602 dato
1253 3538 1446 3622 tempore,
1480 3521 1600 3598 deter-

192 3647 324 3728 minari
342 3663 449 3750 queat
477 3648 655 3750 punctum
678 3654 719 3728 in
741 3666 851 3727 curva
877 3646 979 3736 data,
1010 3645 1055 3724 ad
1081 3642 1184 3747 quod
1220 3639 1360 3722 mobile
1394 3639 1598 3741 pervenite,
1645 3721 1647 3728 ,

192 3765 321 3868 utique
345 3765 373 3844 n
394 3791 473 3867 prow
489 3766 620 3844 eodem
643 3782 811 3864 tempore
850 3762 888 3840 id
915 3762 980 3840 fiat
1018 3765 1056 3838 in
1085 3760 1245 3864 qualibet
1267 3783 1375 3837 curva
1397 3757 1597 3844 ordinatim

191 3883 374 3987 positione
394 3885 576 3975 (laurum,
609 3884 686 3964 hoc
703 3881 819 3962 modo
837 3879 1026 3959 habebitur
1042 3879 1196 3982 quodvis
1215 3877 1393 3979 punitum
1408 3873 1596 3976 Synchro·

189 4027 276 4100 ηπ
307 4000 391 4105 quia
409 4018 530 4082 autem
556 4009 724 4104 praeteroe
743 3996 782 4076 id
799 4002 998 4100 quaritur,
1022 4011 1063 4080 ut
1076 3996 1288 4098 Synchrona
1306 3993 1514 4073 exhibeatur
1525 4019 1595 4085 ea,

188 4147 275 4224 que
311 4121 432 4207 domm
468 4119 604 4197 restam
619 4133 760 4220 tangat;
789 4116 829 4193 id
859 4115 1008 4217 quidem
1036 4116 1087 4192 oh
1107 4114 1214 4192 lineas
1238 4111 1395 4213 eiusdem
1423 4097 1602 4212 speciei,
1670 4173 1675 4176 .

120 4325 123 4332 ,
185 4238 704 4340 [rufinianensem
726 4233 887 4328 siusiliter
926 4232 1055 4340 positas
1088 4233 1136 4310 ad
1166 4225 1342 4334 punsium
1374 4229 1512 4320 fixum,
1543 4227 1598 4307 fic

117 4352 121 4362 ’
189 4356 276 4438 siet:
295 4355 499 4438 Alsnmatur
523 4356 643 4464 aliqua
673 4381 718 4434 ex
736 4351 977 4455 Syrrcbronis3
1008 4354 1046 4429 dr
1073 4351 1117 4429 ad
1142 4375 1221 4428 eam
1254 4349 1405 4428 ducatur
1441 4362 1595 4446 tangens

190 4475 277 4561 dau
291 4477 394 4557 reim
424 4471 621 4580 parallelo,
652 4475 756 4580 quod
779 4471 907 4576 utique
928 4471 1006 4553 fieri
1028 4471 1171 4575 potest,
1203 4467 1327 4550 saltem
1344 4462 1598 4656 trarscendpenr-
