4222 5534
545 276 622 363 ηε
721 271 1218 368 cennensium
1261 261 1822 380 antrustione„

393 415 493 526 '¹693
547 443 607 498 me
634 441 712 496 non
749 414 944 517 praevidisse
973 415 1160 496 Circulum
1190 418 1207 492 l
1236 413 1338 494 Licet
1373 417 1477 497 illum
1505 444 1584 497 non
1614 420 1741 500 diserte
1777 407 1935 500 excluse-

408 511 491 585 Mffi·
546 540 646 624 rim,
679 536 881 613 excluditur
898 549 1020 613 tamen
1042 558 1087 611 eo
1112 533 1188 633 ipso
1218 534 1319 638 quod
1342 539 1478 613 nemini
1496 559 1579 616 non
1603 540 1733 618 obvius
1756 540 1814 617 est
1861 534 1935 615 Ad·
1975 605 1978 610 .

547 653 595 731 de
616 654 717 756 quod
748 678 866 756 neque
887 652 1052 731 Circulus
1073 650 1272 740 satisfaciat,
1295 652 1442 752 quando
1464 654 1645 753 segmenta
1668 681 1746 735 non
1763 659 1934 759 inpune·

549 789 590 851 to
616 785 780 859 coetmt,
812 772 873 848 sed
901 769 1054 872 ¹quando
1087 768 1132 844 ad
1161 792 1266 847 axem
1293 767 1373 848 sunt
1405 769 1608 870 parallelae,
1639 789 1682 850 ut
1710 773 1749 850 in
1770 771 1831 871 fig.
1868 782 1930 862 56.

399 889 404 902 ⁸
549 894 645 973 Cum
673 894 792 990 itaque
830 891 1067 990 proponentis
1099 884 1225 986 scopus
1255 885 1298 964 lit
1331 909 1484 964 acumen
1508 886 1684 966 Solutoris
1711 889 1929 989 explorare,

450 999 455 1008 ¹
547 1015 731 1089 neminem
756 1007 926 1108 putabam
947 1003 1051 1092 sore,
1084 1005 1149 1104 qui
1167 1003 1256 1080 milri
1281 1003 1492 1092 Circulum,
1525 1021 1567 1082 ut
1580 1003 1797 1083 solutionem
1816 1005 1932 1104 legiti-

469 1169 472 1176 ·
546 1154 670 1215 mam,
704 1125 844 1227 qualem
866 1147 936 1222 ego
958 1120 1219 1208 desiderabam,
1252 1120 1460 1200 obtrusums
1485 1119 1589 1214 esset3
1620 1123 1679 1200 sed
1700 1124 1825 1202 Tuum
1842 1111 1931 1197 mihi

538 1247 728 1347 ingenium
746 1243 823 1320 satis
841 1241 1016 1339 superque
1042 1236 1265 1336 perspeilum
1289 1239 1357 1328 est,
1390 1253 1496 1338 atque
1528 1239 1611 1316 ideo
1638 1264 1716 1320 non
1743 1241 1928 1324 dubitavi,

539 1367 630 1467 quin
654 1365 740 1458 joco
764 1359 803 1438 id
824 1359 965 1442 suerit,
997 1353 1099 1455 quod
1127 1353 1333 1452 allegaretis
1361 1355 1560 1434 Circulum.
1621 1357 1683 1436 Ast
1706 1359 1856 1445 nescio,
1885 1378 1930 1431 an

538 1505 560 1556 a
590 1481 763 1582 quopiam
788 1479 908 1552 minus
934 1471 1024 1547 mihi
1050 1469 1213 1582 familiari
1240 1470 1340 1550 hunc
1378 1471 1570 1602 Circrdum
1584 1473 1796 1552 tolerassem.

596 1641 706 1744 Jubes
731 1664 790 1719 me
816 1636 1056 1722 considerare,
1088 1656 1133 1707 an
1160 1633 1377 1712 constructio
1397 1657 1502 1745 mea*¹
1535 1660 1616 1737 quae
1640 1635 1678 1713 in
1701 1635 1928 1737 praecedenti·

536 1763 604 1840 bus
629 1763 715 1835 meis
743 1759 814 1834 seci
835 1745 1157 1832 PL².PK=a³
1189 1775 1267 1828 non
1291 1749 1393 1830 simul
1423 1751 1527 1831 saclat
1557 1752 1663 1833 PK².
1689 1748 1927 1842 PL=a·,

535 1879 691 1978 ideoque
721 1873 792 1955 PK
814 1869 923 1949 =P
931 1869 962 1947 L
982 1893 1099 1962 :2113
1131 1865 1170 1943 id
1189 1869 1239 1946 est
1255 1893 1378 1946 annon
1401 1891 1598 1949 curvamen
1619 1869 1724 1951 KIL
1743 1867 1786 1948 stt
1804 1870 1928 1949 circu.
2089 1871 2090 1896 ³

534 1995 615 2084 lus,
648 1997 750 2092 cujus
775 2003 940 2070 centrum
963 1986 1011 2081 P3
1043 1988 1080 2060 dt
1108 1984 1156 2061 src
1180 2009 1302 2063 annon
1335 1988 1532 2075 incidamus
1562 1989 1600 2063 in
1631 2014 1708 2065 eam
1742 2011 1927 2074 curvam,

534 2137 645 2216 quam
669 2109 818 2198 recuso,
850 2105 926 2192 sed,
956 2125 1043 2204 pace
1065 2101 1170 2191 Tua,
1198 2104 1273 2202 ipse
1305 2103 1435 2180 videris
1460 2129 1537 2182 rem
1559 2129 1636 2182 non
1666 2105 1744 2185 satis
1770 2102 1928 2182 confide-

532 2228 628 2334 rasse.
692 2227 848 2306 Minime
869 2221 967 2301 enim
988 2219 1145 2320 sequitur
1163 2276 1180 2309 ,
1208 2219 1233 2295 fi
1254 2218 1355 2299 PL².
1370 2219 1442 2300 PK
1460 2253 1524 2290 =
1539 2217 1608 2310 ι’,
1641 2222 1724 2300 ideo
1750 2225 1859 2300 etiam
1880 2220 1928 2296 es-

529 2348 568 2428 se
597 2344 703 2429 PK².
733 2343 807 2425 PL
827 2373 896 2408 a
918 2337 992 2416 a³2
1022 2360 1139 2437 neque
1163 2361 1233 2440 pro
1252 2338 1331 2416 ‘huc
1361 2339 1459 2416 idem
1485 2338 1641 2419 calculus
1666 2340 1799 2442 prodit
1859 2337 1927 2417 Sed

531 2469 642 2543 etiam
662 2462 761 2542 nulla
783 2459 996 2558 ambiguitas
1016 2457 1180 2532 radicum
1205 2454 1266 2532 hic
1285 2455 1402 2545 adest,
1434 2463 1516 2557 quia
1533 2481 1610 2534 nun
1625 2456 1829 2557 promiscue
1842 2479 1929 2533 con·

533 2581 685 2660 fideravi
705 2578 919 2682 quadratum
947 2572 1148 2650 alterutrius
1178 2570 1376 2671 segmenti,
1408 2572 1479 2651 five
1506 2579 1682 2671 maioris,
1709 2572 1781 2650 five
1809 2575 1929 2649 mino-

532 2701 609 2788 ris,
643 2697 702 2776 sed
730 2694 833 2773 sumli
862 2690 1026 2771 consulto
1058 2688 1233 2786 segmenti
1256 2687 1315 2768 seu
1346 2689 1472 2772 radicis
1499 2693 1643 2789 majoris
1674 2689 1926 2794 quadratum,

532 2815 636 2917 quod
657 2812 890 2913 multiplicavi
909 2831 973 2909 per
992 2806 1219 2906 segmentum
1252 2806 1312 2886 seu
1336 2807 1493 2886 radicem
1513 2811 1702 2886 nriuorem.
1734 2807 1833 2886 Hinc
1848 2807 1927 2886 lon.
2090 2891 2091 2894 Ν

532 2957 580 3032 ge
602 2933 668 3010 alia
700 2954 806 3008 csnva
831 2917 1017 3029 prodiret,
1049 2922 1075 2999 fi
1102 2918 1331 3003 assumeretur
1356 2925 1465 3006 PK².
1487 2925 1558 3006 PL
1577 2955 1646 2994 ετ.
1672 2921 1743 3015 a‘,
1776 2949 1857 3026 quae
1875 2931 1927 3002 ta·
2090 2967 2091 3004 t

530 3074 619 3127 men
643 3048 880 3125 nihilominus
902 3041 1122 3119 satisfaceret
1180 3040 1320 3120 Verum
1340 3044 1429 3143 quid
1451 3067 1543 3143 opus
1565 3045 1615 3120 est
1633 3043 1770 3129 verbis,
1794 3042 1928 3120 ficon-
2090 3041 2091 3060 ¹

530 3171 679 3247 trarium
701 3170 774 3263 ejus
801 3161 904 3265 quod
936 3174 1063 3264 putas,
1096 3182 1152 3236 res
1179 3158 1251 3259 ipsa
1277 3161 1441 3258 probati
1481 3159 1708 3240 Constrntlio
1741 3182 1823 3237 mea
1853 3172 1926 3237 erat

347 3295 432 3366 ΤΑΒ.
455 3301 508 3368 xr.
530 3286 610 3362 talis
623 3312 636 3381 3
668 3282 815 3362 assumta
841 3270 962 3380 (Peg.
979 3274 1075 3375 58.)
1107 3299 1217 3354 curva
1247 3300 1474 3378 quacumque
1501 3276 1591 3366 AF,
1623 3280 1724 3374 cuius
1753 3277 1925 3378 applicata

531 3401 610 3482 DF
644 3415 871 3494 voceturr3
907 3394 969 3476 fiat
993 3393 1061 3472 alia
1089 3391 1187 3481 ΑΕ,
1220 3395 1321 3491 cujus
1351 3397 1526 3499 applicata
1557 3392 1637 3475 DE
1667 3393 1837 3499 seuqsrt
1860 3424 1929 3461 τε

395 3587 396 3592 a
532 3509 787 3619 (ae⁶÷r⁶·):
815 3511 964 3608 ae³rr3
995 3507 1079 3589 dico
1111 3509 1322 3589 slsumatur
1355 3511 1518 3592 PL=
1546 3512 1658 3589 radici
1687 3515 1848 3609 majori,
1889 3515 1926 3589 dr

530 3636 603 3717 PK
627 3667 696 3703 =
719 3634 831 3712 radici
853 3630 1013 3716 mmor-i,
1044 3628 1150 3726 huius
1171 3630 1379 3729 aquationis
1399 3655 1424 3730 y
1430 3652 1545 3729 1-
1564 3654 1620 3735 qy
1641 3635 1690 3717 ἦ-
1710 3653 1763 3704 rr
1782 3655 1923 3720 ==0,

533 3777 680 3832 curvam
713 3747 819 3830 KIL
867 3747 949 3824 sore
982 3743 1173 3848 quaesitam.
1232 3743 1293 3823 De
1327 3749 1474 3823 veritate
1512 3744 1619 3845 hujus
1654 3745 1925 3826 construslionis

532 3895 610 3948 non
642 3870 806 3955 dubitas,
838 3865 923 3965 quia
947 3864 986 3939 in
1019 3862 1304 3967 praecedentibus
1332 3863 1450 3941 vidisti
1473 3867 1679 3960 rationem3
1719 3863 1780 3940 sed
1819 3890 1923 3965 urges

523 3985 634 4068 ‘KIL
655 3980 721 4062 esse
754 3980 969 4069 Circulum,
1001 3983 1102 4076 cuius
1132 3993 1297 4058 centrum
1326 3978 1384 4060 P:
1417 3982 1506 4082 quid
1536 3978 1564 4057 fi
1589 3997 1713 4061 antem
1739 3983 1925 4061 ostendam

529 4102 604 4186 PK
636 4104 673 4181 δι
698 4102 767 4182 PL
790 4106 890 4202 juxta
916 4097 1219 4177 constructionem
1255 4120 1375 4177 meam
1405 4096 1472 4179 esse
1501 4099 1713 4192 variabiles,
1745 4100 1924 4203 numquid

517 4270 738 4356 sententiam
763 4265 946 4349 mutabis?
974 4262 1125 4346 Radices
1147 4263 1248 4344 dine
1265 4267 1475 4377 aquationis
1502 4264 1615 4373 sunty
1631 4234 1776 4408 π-ἑ-
1807 4291 1833 4374 q
1855 4263 1923 4330 -ἒ
2090 4311 2091 4330 r

1782 4451 1926 4642 rt-{g
