4292 5530
301 369 1604 464 zrrsurrrrerurnmounrrrnarsem113
1695 425 1699 432 .

196 523 301 604 libra
327 511 515 602 ascendant
535 485 663 598 ad-
622 519 856 669 3ejusdem
884 519 1087 600 aldtudinis
1149 519 1248 622 Ergo
1286 523 1453 627 qualibet
1489 525 1604 628 trium
1623 511 1761 706 JK&

198 699 375 848 librarum
398 735 665 816 ascendentium
687 707 902 814 habebit-
869 741 1103 884 3potentia
1121 738 1309 816 libraes
1243 739 1288 818 de
1290 697 1502 850 scendentis
1514 739 1661 844 [[ι-Ι
1692 797 1719 840 .=.

201 907 353 1010 quidem
372 903 516 982 effedhrs
533 901 575 982 srt
592 902 734 1003 aqualis
757 903 892 995 causat;
922 905 937 999 ]
961 903 1057 982 unde
1075 908 1213 984 constat
1231 905 1477 1008 propositum,¹
1496 931 1600 984 nem-

199 1049 251 1130 pe
270 1025 447 1124 potentias
468 1021 673 1156 ponderum
696 1020 886 1122 equalium
905 1018 1013 1102 effe·
1002 1047 1041 1099 ru
1068 1026 1207 1104 ratione
1224 1023 1429 1103 ascensuum
1455 1023 1600 1103 seldes

201 1141 395 1227 censuum,
429 1137 555 1228 idest,
576 1141 615 1214 in
633 1139 801 1238 quadrati
824 1137 1053 1217 celeritatum.
1137 1171 1139 1176 ·
1746 1129 1749 1140 '

262 1241 333 1336 Sed
351 1270 491 1355 regeret
514 1245 631 1332 forsan
658 1253 774 1338 Dnus.
806 1254 956 1334 Paaru
970 1282 1044 1346 us,
1076 1284 1186 1337 unam
1214 1223 1314 1338 illam
1336 1261 1463 1338 libram
1473 1257 1599 1362 ,quod

203 1401 292 1454 cum
315 1374 460 1474 reliquis
479 1373 616 1452 duabus
640 1373 830 1470 oonjunsia
846 1371 908 1455 fit
942 1397 1020 1451 non
1041 1369 1180 1455 efficere
1195 1381 1358 1456 eamdem
1382 1381 1480 1466 rim,
1504 1376 1600 1454 aeli

202 1499 243 1572 in
263 1517 342 1571 aere
358 1491 474 1568 libero
500 1513 566 1598 per
603 1489 768 1570 eamdem
801 1489 1028 1567 altitudinem
1061 1493 1142 1570 sola
1174 1493 1427 1589 descenderet3
1458 1494 1600 1594 praeser-
1626 1511 1627 1517 ‘

179 1614 273 1692 ·tim
292 1633 398 1698 curn,
431 1611 471 1686 in
494 1607 558 1683 illo
578 1606 676 1696 casu,
710 1606 792 1706 plus
817 1611 1009 1706 temporis,
1043 1611 1080 1685 δι
1100 1612 1254 1710 proinde
1277 1611 1396 1712 plures
1414 1611 1599 1713 impulsio-

201 1752 268 1807 nes
296 1727 451 1806 materia
473 1723 651 1825 gravrficae
682 1723 832 1802 durante
856 1723 1019 1804 descensu
1038 1731 1185 1828 recipiat
1210 1754 1323 1830 quam·
1338 1733 1377 1805 in
1396 1730 1478 1806 hoc.
1526 1728 1601 1806 Ve-

200 1841 389 1926 tumhoc
413 1844 585 1940 objiciens
608 1845 739 1942 pariter
758 1843 814 1920 ad
845 1857 990 1920 motum
1020 1859 1238 1945 perpetuum
1262 1845 1600 1946 mechanicumde-

201 1964 395 2042 duceretur
406 1985 420 2056 ς
448 1963 513 2040 ubi
526 1983 610 2066 non
626 1983 722 2059 'opus
745 1959 958 2038 haberemus
974 1960 1189 2064 *supponere
1208 1964 1477 2042 translationem
1489 1967 1616 2070 totius*

202 2082 378 2182 potentia
406 2079 569 2178 corporis
596 2080 741 2174 majoris
767 2079 806 2152 in
828 2077 970 2172 minus3
1002 2079 1164 2180 adeoque
1188 2079 1313 2160 ‘Dnus
1355 2080 1481 2160 Pras
1500 2105 1526 2156 ιι
1543 2105 1598 2158 us

202 2197 317 2276 solitis
341 2196 409 2273 suis
421 2195 590 2294 effugiis,
624 2197 797 2273 nimirum
813 2199 1015 2294 negatione.
1045 2197 1154 2276 illius*
1172 2199 1430 2286 translationis,
1457 2199 1494 2274 δι
1518 2221 1600 2298 per·

201 2313 304 2392 feetae
327 2313 534 2422 rigiditatis,
570 2312 722 2413 amplius
737 2309 891 2388 evadere
919 2337 997 2392 non
1020 2312 1143 2414 posset

265 2431 354 2514 Haec
383 2433 505 2508 omnia
519 2455 617 2510 cum
630 2426 919 2530 perpendim
953 2433 991 2507 da
1009 2430 1170 2508 vidissem
1192 2445 1265 2510 tam
1290 2431 1490 2512 luculenter
1511 2457 1599 2511 con-
1729 2449 1734 2458 '

204 2550 507 2654 firmare-novam
526 2547 656 2626 Tuam·
676 2550 768 2624 vires
793 2548 1189 2628 motrices'aestimandi
1225 2551 1425 2638 rationem,
1459 2552 1497 2626 &
1525 2550 1600 2628 des-

204 2666 538 2764 truere'vulgarem
557 2665 654 2744 illam
680 2655 959 2765 Carrestaenorum
986 2669 1231 2767 opinionem,
1264 2671 1344 2768 q'uae
1380 2665 1538 2767 eousque
1561 2671 1600 2744 in

204 2771 511 2884 Philosophorum
538 2782 677 2860 Scholis
696 2781 878 2870 invaluit,
899 2783 938 2858 dc
965 2784 1217 2883 radicesegit,
1245 2798 1288 2863 ut
1315 2784 1595 2885 quamplurimi,

205 2925 303 2981 ooeco
324 2901 456 2987 dustu,
489 2899 615 2978 malint
637 2898 782 2977 credere
807 2921 904 2986 rem,
937 2902 976 2975 in
990 2904 1159 2980 omnium
1182 2917 1365 3003 quotquot
1386 2899 1486 2989 sunt,
1516 2899 1600 2980 Plu'-

204 3017 443 3119 losophorum
472 3017 733 3095 modernorum
758 3023 822 3092 ore
842 3014 1059 3106 versantem,
1092 3043 1202 3120 quam
1237 3041 1316 3096 eam
1342 3019 1450 3118 paulo
1485 3031 1598 3096 atten-

196 3140 278 3216 tius
298 3137 335 3212 dc
358 3135 512 3234 penitius
534 3135 770 3225 examinare;
809 3129 918 3229 Ego,
948 3134 1121 3236 inquam,
1154 3139 1343 3236 postquam
1360 3135 1445 3211 hac
1480 3135 1598 3233 probe

208 3248 490 3354 porpendissem,
522 3250 669 3328 tandem
691 3271 849 3326 errorem
870 3249 1056 3350 vulgarem
1079 3251 1410 3338 omniuodeserui,
1435 3249 1598 3350 mihique

135 3369 143 3382 '
207 3368 349 3472 ipsrmet
367 3371 475 3446 iratus
492 3366 565 3457 sui,
598 3366 700 3470 quod
724 3363 827 3442 illum
849 3369 949 3466 apud*
966 3393 1027 3448 me
1057 3371 1198 3450 tamdiu
1223 3369 1387 3448 foverim.
1448 3366 1597 3446 Interim

209 3501 369 3566 urerrtem
396 3507 512 3562 meam
537 3484 660 3572 subiit,
685 3505 809 3561 annon
833 3507 929 3562 nova
954 3487 1031 3566 haec
1051 3491 1142 3564 ratio
1176 3485 1354 3588 potentias
1372 3483 1594 3593 aestimandi,

210 3603 444 3680 demonstrari
473 3600 587 3704 pollet
614 3599 744 3680 direile
772 3602 809 3676 δι
841 3594 1122 3699 ἐπιθιικτικῶςς
1153 3611 1198 3682 ex
1224 3602 1296 3704 ipsa
1323 3627 1456 3704 nempe
1477 3615 1602 3682 motus

209 3735 336 3801 natura
356 3722 391 3795 de
414 3721 518 3820 lege,
551 3717 788 3819 supponendo
810 3740 963 3818 corpora
986 3725 1126 3800 moveri
1155 3725 1193 3802 in
1211 3743 1352 3808 uacuo,
1387 3725 1427 3797 in
1453 3743 1532 3820 quo
1563 3723 1604 3797 in

52 3931 59 3952 Ι
208 3837 277 3914 alia
301 3837 390 3914 vires
424 3836 499 3916 suas
538 3850 691 3912 exerant
751 3831 1022 3915 Demonstratio
1052 3843 1149 3916 enim
1171 3861 1237 3941 per
1269 3837 1522 3918 deductionem
1558 3835 1605 3913 ad

209 3967 357 4034 motum
375 3969 616 4055 perpetuum,
648 3969 819 4049 tanquam
844 3952 888 4030 ad
900 3953 1099 4035 absurdum
1124 3960 1241 4056 quid,
1273 3959 1492 4056 pertinacem
1513 3944 1605 4034 Cae.

208 4065 381 4174 testantem
411 4075 522 4157 novis
547 4075 668 4173 potius
691 4064 845 4149 involvit
873 4067 1065 4230 scrupulis,
1099 4097 1209 4174 quam
1227 4072 1274 4150 ab
1293 4095 1442 4152 erronea
1462 4074 1608 4214 opinio·

207 4213 256 4266 ne
282 4188 446 4267 defletur

188 4305 355 4384 -Post
375 4305 494 4384 levem
513 4306 783 4386 meditationem
810 4301 885 4383 ridi
913 4304 953 4382 id
982 4305 1114 4387 directe
1135 4303 1233 4410 posse
1252 4308 1399 4436 probari
1421 4328 1486 4409 per
1508 4257 1607 4409 prin-
1715 4293 1717 4298 ⁴
1763 4354 1770 4364 -

190 4425 350 4526 cipum
372 4421 545 4524 aliquod,
578 4425 679 4530 quod
696 4424 770 4536 ipse
792 4423 1082 4590 Canrnsru's
1099 4423 1261 4574 admissu
1278 4425 1410 4530 nempe
1424 4441 1609 4531 percom

274 4531 446 4624 Tm!
690 4600 694 4606 ,
866 4537 999 4646 ¹qu
1334 4597 1341 4604 -
1459 4535 1609 4646 positio-
