4222 5534
159 400 162 412 Ι
290 269 1426 416 arlaurarraanannoucrrrwarrsrtvo
1515 242 1595 390 309'
1715 305 1719 313 ’

178 457 281 534 nlam
306 465 418 556 quarn
442 461 543 562 petis
586 452 719 549 Quod
738 453 765 530 fi
786 457 992 554 igiturnon
1023 456 1143 532 statim
1161 437 1261 532 alteri
1279 457 1455 534 vacaverit
1474 465 1587 535 atten-
1639 467 1735 549 1697

181 586 219 650 te
248 572 572 676 considerareque
596 573 640 648 ab
659 571 772 649 altero
798 588 1078 677 proponuntur,
1107 573 1218 650 credo
1247 598 1314 650 nos
1340 576 1481 674 optime
1514 571 1586 650 fac-
1656 553 1749 654 lul·⁴
1827 589 1828 594 ‘

184 705 314 779 turos,
346 691 493 792 quando
518 689 611 767 nihil
639 703 771 790 urget,
814 688 1012 791 liutrique
1041 695 1307 790 opportunitati
1342 691 1472 768 nostrae
1500 714 1590 768 con-

184 805 337 886 sidentes
362 811 479 886 otium
500 808 626 910 sponte
649 806 683 884 le
714 806 871 906 prodens
900 805 1239 909 exspectaverimus,
1276 822 1316 886 ut
1346 811 1501 908 negotiis
1530 833 1591 886 or-

186 896 332 1002 dinariis
355 950 432 1003 non
460 928 692 1025 interruptis,
726 947 771 1000 eo
797 928 963 1004 attentius
986 928 1024 1003 δι
1051 929 1248 1008 accuratius
1279 951 1356 1004 rem
1387 928 1588 1004 examinare

187 1065 370 1144 queamus.

246 1159 422 1250 Interim,
455 1184 541 1240 cum
575 1173 702 1278 putem
727 1182 786 1236 me
818 1174 958 1239 mature
980 1159 1058 1239 satis
1082 1161 1340 1262 perscrutatum
1364 1157 1465 1238 suissi
1504 1159 1594 1260 Syn-

187 1276 408 1355 chronarum
437 1293 625 1364 naturam,
670 1266 707 1352 ¹&
739 1278 813 1354 diu
841 1279 1113 1380 multumque
1103 1305 1141 1355 m
1181 1280 1249 1357 hac
1272 1280 1418 1355 materia
1448 1274 1591 1365 soille,

186 1398 260 1494 jam
297 1392 368 1472 fine
404 1394 573 1495 scrupulo
602 1398 836 1494 pronuntiare
862 1395 1005 1484 audeo,
1048 1420 1128 1497 quae
1153 1398 1243 1474 mihi
1271 1393 1443 1472 veriffima
1466 1377 1592 1470 viden-

187 1527 258 1590 tur.
318 1511 435 1592 Facile
463 1511 636 1598 credam,
662 1510 771 1611 quod
797 1511 1029 1590 tumultuaria
1058 1512 1325 1591 confideratio
1315 1528 1409 1588 rnter
1437 1512 1601 1608 scribem

188 1630 280 1706 dum
308 1625 395 1708 Tibi
416 1625 615 1728 suggelllt,
638 1626 867 1729 Synchronas
892 1626 1029 1730 semper
1057 1626 1156 1730 polle
1186 1655 1251 1731 per
1275 1629 1505 1730 quadraturas
1529 1628 1592 1704 ha-

188 1749 292 1824 beri:
326 1743 487 1848 primum
508 1748 605 1824 enirn
631 1745 713 1822 xboc
739 1749 789 1824 est
821 1744 924 1847 quod
949 1745 984 1822 le
1017 1747 1052 1824 se
1078 1747 1185 1824 offert
1210 1751 1260 1824 in
1283 1747 1591 1846 contemplatione

189 1863 320 1943 harum
345 1888 561 1951 curvarum,
594 1865 697 1963 quod
721 1863 879 1952 scilicet,
913 1864 999 1941 dato
1027 1879 1217 1966 tempore,
1237 1851 1465 1960 determinari
1482 1876 1589 1966 queat

156 1973 365 2082 'pontium
387 1985 425 2058 in
454 2003 562 2058 crrrva
589 1981 695 2072 data,
729 1983 773 2059 ad
802 1981 904 2082 quod
928 1981 1066 2058 mobile
1093 1979 1287 2083 pervenit,
1323 1983 1368 2057 &²
1389 1980 1490 2081 quod
1513 1979 1588 2057 hoc

189 2097 268 2174 fieri
287 2095 392 2198 pullat
411 2122 480 2198 pro
496 2095 627 2196 eodem
650 2112 815 2199 tempore
838 2102 878 2174 in
900 2097 1059 2199 qualibet
1086 2123 1195 2178 curva
1220 2099 1414 2178 ordinatim
1438 2097 1587 2200 pofitioa

189 2239 238 2292 ne
262 2215 367 2303 data,
400 2217 437 2292 &
458 2214 507 2296 fic
538 2229 613 2292 tota
635 2217 849 2316 Synchrona
880 2216 1047 2294 construi.
1080 2217 1150 2294 Sed
1172 2216 1379 2314 hujulinodi
1406 2217 1591 2317 construc-

139 2377 146 2390 ·
187 2337 244 2411 tio
270 2357 315 2410 eo
339 2331 415 2432 ipso
439 2357 515 2408 non
541 2333 590 2408 est
618 2333 850 2421 aestimanda,
884 2335 967 2433 quia
996 2357 1075 2410 non
1098 2359 1162 2433 per
1187 2337 1396 2414 continuam
1423 2331 1588 2427 Quadra·

187 2465 309 2528 turam
328 2453 433 2528 unius
463 2448 689 2551 ejusdemque
711 2450 980 2528 indeterminati
998 2449 1098 2550 spatii
1118 2455 1300 2550 peragitur
1317 2505 1328 2538 ,
1361 2451 1399 2526 δι
1423 2452 1507 2550 quia
1523 2473 1589 2548 per

189 2567 412 2667 consequens
433 2565 563 2644 exinde
587 2589 665 2644 non
684 2566 807 2645 haberi
834 2567 952 2667 potest
977 2566 1111 2646 modus
1145 2565 1304 2650 ducendi
1327 2582 1514 2665 tangentes
1543 2565 1589 2642 ad

190 2683 464 2784 Synchronarn,
506 2687 571 2785 qui
589 2700 710 2762 tamen
745 2681 807 2761 hle
834 2683 972 2762 summe
999 2682 1206 2764 necellarius
1231 2685 1289 2762 en
1336 2683 1446 2783 Rogo
1469 2687 1590 2784 itaque
1656 2779 1660 2786 .

187 2816 233 2880 ut
258 2801 369 2902 paulo
387 2805 542 2900 penitius
571 2800 732 2902 inspicias
753 2803 970 2902 negotium3
1001 2800 1118 2879 forsan
1146 2803 1330 2898 revocabis
1355 2817 1417 2881 tua
1448 2801 1585 2888 verba,

189 2920 338 3020 quando
367 2919 482 3008 dicis,
517 2905 882 3026 Affirmaturlaeliqna
897 2939 942 2992 ex
966 2911 1194 3024 Synchrona,
1228 2915 1274 3008 ἀ
1290 2917 1343 2995 ad
1365 2943 1445 2995 ram
1478 2916 1586 2994 duca-

120 3129 123 3135 Ι
189 3053 253 3112 tur
271 3055 421 3140 tangens
450 3031 540 3112 dan
572 3037 667 3112 ralla
694 3035 890 3140 parallelo,
924 3033 1020 3142 quod
1041 3040 1163 3142 ntique
1178 3036 1271 3142 fieri
1296 3033 1432 3141 potest,
1451 3031 1587 3138 strlrenr

188 3148 498 3254 transcendentem
530 3177 614 3230 nam
642 3154 810 3232 nondum
834 3155 942 3233 video
977 3155 1168 3256 quomodo
1197 3153 1257 3231 uel
1287 3151 1585 3238 transcendenter,

189 3269 249 3348 nel
282 3269 480 3368 algebtaice
515 3271 601 3352 duci
631 3269 739 3376 poffit
766 3287 941 3373 tangens,
983 3296 1057 3373 ope
1089 3271 1363 3350 constructionis
1392 3269 1488 3346 illius
1522 3291 1588 3368 per

189 3385 419 3488 quadraturas
445 3387 667 3468 diversorum
692 3390 897 3490 spatiorum.
960 3387 1040 3489 Ego
1079 3389 1226 3488 quidem
1252 3391 1290 3463 in
1313 3387 1387 3464 hoc
1415 3401 1507 3486 puto
1538 3384 1590 3461 la-

187 3518 265 3582 tere
286 3507 489 3584 maxirnum
514 3507 731 3596 artificium,
766 3523 808 3586 ut
837 3507 980 3585 diversae
1020 3507 1091 3583 istae
1118 3505 1341 3606 quadraturae
1371 3504 1590 3580 reducantur

188 3621 235 3699 ad
257 3623 509 3724 quadraturam
534 3625 845 3701 indeterminatam
880 3627 987 3702 unius
1013 3622 1124 3725 spatii„
1144 3625 1341 3710 continui,
1383 3620 1488 3721 quod
1516 3611 1589 3718 ego

187 3738 339 3816 feliciter
363 3742 533 3840 praestiti:
568 3741 664 3820 unde
688 3741 780 3818 mihi
803 3741 905 3819 facile
924 3740 995 3818 fuir
1017 3755 1202 3840 tangentes
1229 3739 1450 3840 Synchronae
1470 3736 1588 3814 deter-

191 3859 358 3946 minam,
386 3879 464 3932 non
498 3855 615 3938 solum
645 3858 964 3946 transcendenter,
997 3857 1058 3934 sed
1085 3856 1285 3956 algebrai'ce
1312 3855 1467 3957 prorsus.
1528 3854 1589 3932 Ne
1703 3863 1720 3877 ““

188 3971 262 4050 line
291 3977 431 4050 ratione
454 3973 531 4054 haec
554 4001 614 4053 me
637 3973 760 4052 dixille
781 3991 912 4079 putes,
945 3975 1041 4050 dabo
1060 3973 1267 4077 exemplum
1284 3970 1586 4072 smrplicillrmum,

189 4093 256 4170 ubi
282 4093 397 4170 statim
419 4090 507 4169 Tibi
531 4095 714 4198 apparebit
737 4117 846 4195 quarn
873 4089 1058 4168 becellaria
1084 4091 1127 4168 lit
1157 4093 1219 4192 ilia
1250 4090 1431 4178 reductio,
1464 4089 1591 4166 fimo-

190 4208 241 4288 do
265 4216 427 4290 animum
456 4210 513 4287 vel
540 4209 723 4292 tantillum
756 4211 938 4289 advertere
963 4207 1085 4286 voles·
1075 4183 1220 4311 ‚quod
1259 4231 1354 4307 rogo
1384 4221 1425 4287 ut
1447 4183 1589 4298 lacias;
1678 4227 1679 4232 ‘

190 4327 242 4404 eli
264 4329 363 4406 enim
388 4325 470 4408 Tua
499 4331 738 4440 applicatione
764 4330 946 4432 dignum,
976 4269 1087 4430 quod
1103 4325 1223 4407 lorlan
1259 4325 1305 4405 ad
1328 4349 1440 4423 novas
1465 4323 1589 4422 specu-

858 4444 941 4549 Qq
1004 4465 1022 4538 3
1438 4439 1591 4516 lationes
1695 4467 1698 4480 ·
