4292 5530
596 339 669 419 124
737 321 1264 449 Χσοιωιιιισιιιιι
1309 311 1828 410 ι,ἰ·ιιιόιισῑι]ι.Ι

448 477 546 560 1696
596 485 674 564 vim
707 481 877 588 perdere,
910 481 948 558 δι
983 478 1134 556 Terram
1168 470 1235 552 effe
1265 472 1370 550 instar
1402 475 1603 574 magnetis,
1636 475 1702 577 qul
1732 497 1815 556 aeus
1849 459 1990 555 nontlill

435 567 572 666 saluas·
595 602 701 682 valde
727 603 954 702 propinquos
978 595 1130 676 attrahit.
1192 591 1323 710 ¹Neque
1342 590 1380 667 id
1413 593 1520 670 nobis
1547 587 1733 689 officeret;
1766 616 1844 672 rem
1871 609 1989 675 tameo

592 722 643 800 ita
665 717 699 799 se
712 717 746 796 se
761 718 892 796 habere
914 738 992 794 non
1011 712 1114 792 facile
1135 706 1268 788 credo.'
1316 707 1436 786 Miror
1455 705 1745 809 experimentum
1774 736 1796 792 a
1820 715 1987 810 nemine,

590 837 679 918 inde
707 861 727 916 a
751 835 1018 914 Maestum
1039 829 1286 929 temporibus,
1318 823 1418 904 fuisse
1442 825 1636 928 sumptum.

652 953 775 1032 Velim
797 950 886 1029 Tibi
908 947 1141 1051 persuadeas,
1173 969 1259 1024 curn
1281 958 1408 1022 contra
1430 959 1573 1022 motum
1595 969 1790 1046 perennem
1808 947 1991 1028 mechani-

591 1097 677 1150 cum
700 1092 816 1172 nuper
837 1068 927 1148 Tibi
942 1067 1153 1152 scriberem,
1185 1063 1292 1164 plane
1308 1085 1367 1138 me
1385 1065 1423 1138 in
1442 1065 1565 1140 animo
1592 1087 1669 1144 non
1694 1063 1874 1154 habuisse,
1908 1091 1988 1169 quae

513 1225 522 1230 ·
592 1188 683 1266 olim
706 1211 778 1287 ope
803 1183 887 1264 slltri
906 1182 1162 1288 proposueram
1193 1180 1330 1282 alioqui
1363 1175 1525 1258 dixissem
1545 1183 1721 1280 aperte&
1744 1181 1909 1272 candide,
1922 1209 1990 1266 nec

590 1304 647 1383 'se
676 1306 791 1382 verbis
809 1301 975 1382 aculeatis
995 1295 1248 1403 pupugislem3
1279 1296 1380 1400 quod
1401 1321 1526 1374 amco
1547 1321 1651 1378 more
1675 1301 1726 1378 est
1744 1300 1912 1380 alienum.
1943 1300 1988 1382 Et

590 1445 668 1500 non
681 1445 744 1501 ero
757 1419 941 1511 adversus,
960 1443 1046 1498 cmn
1057 1415 1212 1496 declares
1230 1415 1361 1493 debere
1369 1413 1537 1494 accedere
1546 1433 1689 1496 motum
1703 1417 1989 1510 intestinum,ex

590 1539 666 1618 aliis
685 1563 794 1642 quam
815 1539 996 1637 grauitatis
1018 1536 1204 1636 principiis
1232 1545 1375 1623 ortum,
1411 1531 1556 1629 [veluti
1582 1530 1609 1610 si
1629 1533 1859 1614 fermentatio
1879 1536 1984 1618 dura·

591 1657 701 1746 bilis,
735 1671 796 1734 aut
815 1655 998 1756 periodica
1017 1651 1100 1733 esset
1118 1656 1157 1728 in
1179 1651 1342 1753 liquore,
1373 1650 1516 1752 ]atque
1535 1671 1614 1728 non
1634 1649 1882 1730 nisi-motum
1894 1653 1985 1756 phy-

588 1771 701 1854 srcum
723 1796 920 1876 perennem
931 1771 1104 1850 intendas.
1131 1767 1230 1847 Nam
1245 1770 1469 1868 optimeais,
1484 1767 1625 1870 liquore
1641 1769 1776 1847 leviore
1790 1769 1892 1870 super
1905 1795 1985 1872 gra·

588 1895 730 1969 viorem
754 1889 896 1992 posito,
931 1891 968 1968 δι
991 1887 1122 1966 deiude
1147 1909 1233 1964 cum
1268 1909 1314 1964 eo
1343 1885 1498 1986 perfecte
1526 1891 1663 1976 mixto,
1696 1910 1893 1972 commune
1922 1911 1983 1965 eo-

587 2031 670 2088 rum
690 2009 872 2108 gravitatis
900 2021 1067 2084 centrum
1086 2001 1294 2098 ascendere;
1323 2001 1420 2081 unde
1441 2003 1532 2080 adeo
1553 2005 1590 2080 vi
1609 2001 1765 2106 quadam
1793 2019 1981 2098 extranea,

586 2125 646 2203 vel
666 2123 834 2228 physica,
866 2121 912 2200 ad
935 2121 1028 2200 hanc
1050 2126 1244 2200 mixturam
1254 2143 1345 2220 opus
1367 2115 1434 2198 csse
1455 2121 1601 2200 corrsiat
1634 2119 1741 2200 Forte
1765 2123 1803 2199 dr
1820 2121 1887 2200 alia
1903 2123 1982 2226 pos

586 2255 643 2320 tea
665 2247 702 2320 vi
724 2237 866 2343 physica
889 2265 983 2342 opus
1007 2242 1074 2317 erit
1094 2239 1139 2316 ad
1162 2238 1425 2338 procurandam
1449 2236 1709 2330 librationem,
1742 2239 1801 2320 seu
1831 2241 1877 2319 ad
1905 2246 1981 2320 rin-

588 2360 742 2438 cendam
774 2357 915 2438 causam
944 2359 1131 2435 mixtionis
1162 2352 1483 2444 conservatricem,
1526 2379 1606 2455 quae
1635 2357 1735 2436 causa
1771 2357 1981 2436 conservam

418 2519 424 2580 J
586 2473 728 2554 fortasse
749 2473 817 2554 else
838 2473 971 2578 posset,
1004 2473 1061 2552 vel
1075 2471 1148 2552 sola
1163 2476 1318 2574 partium
1337 2476 1500 2552 tenuitas.
1531 2471 1653 2576 ltaque
1665 2455 1981 2576 ingemotmitse-

424 2613 445 2672 'r
585 2594 799 2672 ditationem
822 2591 942 2672 Tuam
956 2592 1120 2693 sugillare
1143 2597 1179 2668 in
1197 2595 1321 2668 animo
1345 2617 1422 2670 non
1453 2591 1533 2672 suit.
2110 2683 2111 2694 ἦ

403 2697 408 2738 ⁷
443 2725 460 2766 '·
590 2701 592 2704 ’
646 2711 764 2812 Atque
787 2715 834 2788 ita
852 2714 926 2808 jam
955 2714 1078 2787 omnia
1097 2709 1178 2788 Tua
1197 2705 1345 2809 attigisse
1376 2709 1514 2798 credo,
1547 2707 1609 2788 etfi
1634 2711 1803 2790 omnibus
1832 2737 1909 2790 non
1937 2709 1979 2792 fit
2110 2697 2111 2702 Ν

286 2879 291 2888 ·
585 2826 820 2912 satissasium,
852 2827 953 2928 quod
977 2841 1098 2906 umen
1130 2826 1231 2926 spero
1259 2851 1318 2904 me
1350 2825 1454 2914 abas,
1486 2825 1572 2904 Deo
1603 2827 1734 2917 dante,
1765 2830 1975 2920 latiorum,

583 2948 649 3024 ubi
668 2943 838 3021 valetudo
857 2941 923 3020 libi
945 2943 1042 3022 'resse
1069 2945 1254 3021 constabit.
1314 2944 1449 3022 interea
1473 2945 1743 3045 prrabilioribus
1773 2950 1977 3028 meditatio-
2109 2925 2110 2958 Ν

408 3105 411 3113 «
548 3129 550 3137 ,
583 3065 690 3142 nibus
713 3060 851 3159 semper
876 3058 1135 3160 promptillmrc
1157 3059 1322 3138 inservire
1344 3065 1516 3140 conabor.
1574 3061 1619 3142 Et
1644 3063 1724 3142 sunt
1746 3070 1908 3144 omnino
1937 3070 1975 3145 in

581 3181 657 3259 boc
682 3180 833 3279 negotio
861 3177 1080 3276 Dynamices
1100 3181 1250 3266 nostra,
1283 3203 1363 3278 quae
1393 3179 1510 3258 adhuc
1538 3179 1624 3258 Tibi
1647 3185 1782 3283 exponi
1809 3185 1971 3276 debent,
2108 3173 2109 3202 ³

582 3299 667 3398 quia
689 3296 833 3398 publice
858 3294 1024 3372 nondum
1045 3297 1227 3394 prostant3
1259 3319 1343 3373 cum
1367 3299 1463 3373 enim
1486 3319 1505 3372 a
1533 3299 1653 3376 multis
1680 3304 1782 3378 annis
1808 3303 1871 3380 ista
1898 3327 1976 3380 ver-

579 3413 753 3500 saverim‚
787 3415 920 3490 mirum
946 3435 1022 3490 non
1041 3413 1115 3500 est,
1146 3411 1364 3489 sinonnulla
1388 3415 1581 3502 constitui,
1614 3439 1692 3515 qua
1717 3421 1837 3518 primo
1855 3419 1972 3522 aspec-
2107 3433 2108 3444 ¹

578 3545 621 3612 tu
641 3530 674 3610 se
693 3530 726 3608 se
743 3529 872 3607 offerre
889 3555 968 3608 non
985 3527 1140 3630 possunt.
1161 3529 1308 3624 ,Quanti
1331 3545 1450 3623 autern
1468 3535 1645 3610 momenti
1664 3534 1729 3623 sit,
1761 3535 1854 3613 resse
1869 3537 1972 3615 cons

578 3653 663 3730 titul
693 3648 865 3748 principia
898 3647 1004 3746 huius
1041 3645 1262 3734 Matheseos,
1305 3648 1362 3722 vel
1386 3631 1777 3749 Phyfico-Matheseos
1806 3663 1881 3732 tam
1903 3656 1974 3734 late
2106 3687 2107 3708 ι

578 3768 755 3869 poteritis,
788 3784 868 3865 quae
892 3763 1213 3842 considerationem
1232 3766 1362 3842 virium
1389 3761 1504 3866 [rem
1529 3769 1778 3872 imaginationi
1803 3773 1972 3851 nonsub-

578 3884 719 3978 ditant]
744 3881 843 3959 addit
859 3879 1115 3992 'Geometrim'
1140 3880 1199 3962 seo
1223 3880 1376 3960 scimtiae
1398 3885 1597 3984 imaginum
1620 3888 1836 3978 universali,
1867 3877 1971 3968 facile
2105 3941 2106 3954 ,

575 4001 755 4098 intelligis.
815 3996 1060 4076 Libentissime
1080 4015 1201 4079 autem
1224 3997 1311 4076 Tibi
1340 4023 1520 4100 exponam
1547 4001 1733 4082 sententias
1760 4030 1880 4098 meas,
1911 4006 1969 4086 vel

570 4107 680 4206 ideo,
715 4129 754 4194 ut
772 4117 929 4211 cognitis
950 4116 1041 4206 illis,
1074 4117 1211 4196 facilius
1231 4117 1363 4194 deinde
1386 4139 1449 4216 per
1477 4117 1532 4196 Te
1556 4118 1697 4222 superes
1718 4119 1967 4214 difficultates,
2104 4107 2105 4110 Ὺ

573 4259 706 4338 meque
728 4229 926 4310 necessitate
946 4233 1022 4312 hacc
1047 4235 1180 4314 diutius
1211 4233 1408 4314 meditandi
1432 4234 1536 4314 leves
1597 4239 1711 4330 Nam,
1734 4243 1849 4322 multa
1877 4241 1968 4320 milri

572 4350 786 4438 elaboranda
813 4347 998 4450 supersunt
1015 4345 1132 4426 adlruc
1154 4351 1308 4442 altiora,
1339 4351 1366 4429 si
1385 4350 1487 4435 Deus
1515 4357 1608 4436 riter
1627 4361 1811 4466 vitamque
1834 4353 1986 4444 conce

530 4513 533 4520 =
570 4478 654 4568 dat,
686 4494 766 4578 qua
790 4465 923 4551 sellem
948 4487 1028 4554 uon
1052 4467 1208 4566 interire,
