4168 5524
449 397 453 406 ,
517 325 615 410 ,436
807 279 1247 410 commercium
1291 327 1760 418 rrrsrorrcurr,

335 485 360 504 ·’
400 479 493 566 Υ699
540 469 614 550 lari.
676 457 831 556 Haec'ni‘
849 475 1025 552 faltor'ex
1040 473 1120 554 Tua
1143 477 1259 555 lluunt
1276 471 1488 576 hypothesr;
1520 471 1616 554 belle
1644 477 1752 567 sane,
1787 478 1943 558 linullis‘

391 577 500 653 Febr?
539 581 787 688 premerentur
812 590 1088 672 difficultatibus.
1121 593 1250 682 lllors,
1284 592 1479 670 sectandum
1499 594 1619 682 illam,
1653 597 1744 672 nihil
1764 598 1864 676 aliud
1888 599 1939 676 es-

538 705 588 783 set
614 733 721 809 quam
742 711 920 810 paulatina
943 719 1098 809 partium
1124 711 1329 790 craffiorum
1351 714 1513 809 corporis
1536 711 1727 790 destructio
1746 740 1757 808 3
1791 719 1937 794 interim

537 825 597 902 illa
619 827 748 904 accidit
767 843 931 929 repente,
964 827 989 904 sr
1009 853 1086 904 non
1106 844 1305 914 momento,
1325 827 1445 918 [dicis
1462 829 1560 904 euim
1581 829 1676 930 apud
1700 829 1853 910 anrr
1868 859 1889 909 u
1904 859 1935 910 ra

537 959 766 1022 momentum
794 951 919 1024 mortis
943 945 1119 1023 observari
1151 967 1226 1024 non
1256 941 1398 1046 polle]
1437 945 1560 1024 saltem
1581 947 1722 1026 morula
1745 949 1837 1027 adeo
1862 955 1936 1026 exi-

537 1084 632 1158 gua,
663 1077 704 1138 ut
728 1078 869 1164 tempus
894 1064 1138 1142 destrudlionis
1156 1065 1313 1164 tempori
1330 1065 1622 1161 generationis&
1642 1069 1850 1146 nutritionis
1867 1072 1950 1144 mi·-

536 1183 635 1254 nime
653 1181 756 1281 poffit
789 1186 1011 1281 comparari,
1046 1185 1083 1258 &
1108 1183 1168 1259 hic
1184 1203 1309 1260 natura
1330 1181 1456 1258 debeat
1476 1179 1572 1282 quast
1597 1207 1660 1281 per
1689 1182 1816 1262 saltum
1846 1211 1931 1288 ope-

536 1299 614 1373 rari.
676 1296 851 1397 Dil'picia's
874 1303 1008 1396 igitur,
1035 1301 1232 1400 quomodo
1254 1299 1331 1377 Lex
1364 1298 1607 1377 continuitatis
1637 1299 1758 1376 salvari
1783 1301 1891 1407 pollrt
1920 1361 1930 1392 ,

538 1412 626 1489 dum
660 1417 741 1520 post
769 1417 975 1496 diuturnam
994 1417 1083 1494 adeo
1107 1419 1375 1502 evolutionem,
1409 1417 1564 1506 animal,
1598 1419 1696 1494 niitu
1723 1419 1820 1498 velut
1847 1444 1935 1498 ocu-

536 1527 582 1616 li,
615 1535 651 1608 in
673 1535 854 1633 pristinam
878 1530 1083 1612 involvatur
1102 1540 1321 1634 parvitatem.
1384 1529 1427 1610 Et
1449 1534 1544 1610 dicas
1568 1534 1682 1620 mihi,
1715 1559 1781 1613 cur
1806 1553 1944 1614 natura·

534 1647 712 1738 noluerit,
746 1667 786 1728 ut
804 1653 1016 1729 tantundem
1031 1657 1202 1752 temporis
1217 1651 1262 1730 ad
1284 1648 1548 1728 involutionem
1573 1649 1811 1750 requireretur
1825 1679 1931 1753 quam

533 1755 579 1843 ad
597 1769 851 1846 evolutionem.
913 1767 1103 1858 Praeterea,
1134 1768 1158 1846 li
1180 1787 1261 1848 ante
1286 1781 1442 1844 mortem
1457 1768 1615 1846 animalis
1640 1767 1703 1867 ipli
1719 1797 1800 1849 crus
1820 1771 1932 1848 aliud·
2070 1842 2071 1859 ,

532 1907 577 1960 ve
606 1889 809 1965 membrum
829 1905 1057 1988 amputetur,
1091 1911 1135 1964 eo
1154 1886 1230 1988 iplo
1255 1883 1389 1984 aliquid
1409 1884 1454 1961 de
1477 1886 1685 1964 staminibus
1703 1903 1930 1990 amputatum

530 2001 730 2102 separatum
764 1989 802 2080 da
823 2005 870 2082 fic
900 2006 980 2106 post
1004 2005 1250 2082 redutlionem
1275 2001 1436 2080 animalis
1455 2001 1499 2078 ad
1518 2003 1619 2079 suurn
1635 2007 1840 2102 exiguitatis
1869 2007 1931 2082 sta·

531 2133 634 2210 tum,
667 2121 756 2200 illud
780 2123 879 2222 quod
906 2123 950 2200 de
971 2122 1176 2198 staminibus
1201 2121 1396 2220 separatum
1415 2121 1505 2206 tuit,
1522 2136 1583 2198 aut
1602 2121 1763 2199 redditur
1784 2123 1930 2198 animal-

530 2237 642 2326 culo,
675 2257 735 2317 aut
759 2265 835 2316 non
853 2240 1023 2318 redditur.
1084 2239 1121 2317 Si
1145 2241 1276 2343 prius3
1308 2237 1416 2316 velim
1438 2237 1525 2312 mihi
1554 2238 1730 2336 explices,
1764 2265 1835 2341 qua
1862 2243 1931 2316 vir·

530 2357 608 2434 tute
637 2356 751 2446 illud,
785 2357 911 2460 quod,
944 2358 1100 2458 exempli
1121 2360 1255 2456 gratia,
1289 2357 1328 2430 in
1350 2353 1551 2432 Arnericam
1575 2356 1852 2455 transportatum
1876 2355 1925 2433 es-

528 2472 604 2562 set,
629 2475 768 2554 rediret
792 2479 1066 2576 in·Europam,
1097 2473 1202 2574 seque
1225 2463 1315 2550 ⁸curn
1343 2471 1558 2548 anirnalculo
1582 2477 1829 2573 coniungeret
1891 2473 1928 2550 Si

529 2593 729 2690 posterius3
760 2609 847 2673 tunc
870 2594 980 2682 illud,
1014 2590 1114 2692 quod
1133 2593 1378 2691 amputatione
1393 2591 1546 2664 membri
1570 2591 1777 2670 staminibus
1796 2595 1930 2668 anima·

529 2705 573 2781 lis
603 2711 811 2809 ademptum
831 2714 905 2800 est,
939 2711 1056 2788 eidem
1089 2711 1239 2785 nonest
1270 2704 1467 2792 ellerrtiale,
1513 2729 1629 2806 neque
1667 2707 1898 2785 necetsarium
1912 2735 1934 2803 3·

528 2839 654 2901 contra
678 2826 909 2926 hypothesin:
942 2843 1028 2904 nota
1053 2828 1153 2926 quod
1182 2827 1259 2903 haec
1295 2827 1418 2899 omnia
1448 2823 1645 2902 fundentur
1686 2829 1725 2900 in
1751 2851 1797 2901 eo
1826 2824 1926 2925 quod

527 2935 733 3020 Entelechia
754 2969 830 3020 non
858 2949 988 3043 migrat
1011 2943 1056 3020 de
1078 2949 1222 3019 materia
1246 2945 1284 3018 in
1303 2943 1494 3016 materiam.
1556 2941 1637 3027 Sic,
1669 2943 1828 3046 exempli
1849 2967 1927 3040 gra-

527 3061 599 3146 tia,
634 3085 746 3160 equus
773 3064 853 3160 post
880 3077 1035 3138 mortem
1057 3064 1094 3134 in
1116 3059 1205 3136 illud
1231 3057 1485 3135 animalculum
1511 3055 1697 3135 reductum
1715 3063 1775 3147 clt,
1795 3059 1925 3136 eodem

530 3178 770 3274 corpuscul0,
805 3181 842 3254 &
881 3179 1004 3254 eadem
1029 3177 1231 3254 Entelechia
1269 3176 1450 3273 gaudens,
1486 3175 1586 3274 quod
1614 3191 1696 3250 ante
1722 3179 1926 3274 generatio-

528 3296 666 3368 tionem
693 3301 767 3393 ejus
793 3299 831 3371 in
855 3295 987 3372 semine
1011 3285 1144 3394 equino
1182 3293 1364 3377 latitabat,
1397 3289 1569 3389 quodque
1593 3291 1826 3392 microlcopii
1850 3309 1925 3370 tan-

527 3423 606 3485 tum
635 3437 707 3513 ope
733 3410 908 3510 potuillet.
925 3413 1046 3488 videri.
1078 3408 1174 3487 Hinc
1189 3409 1322 3507 aliquid
1350 3407 1511 3506 lepidum
1537 3409 1627 3482 milri
1647 3413 1745 3484 venit
1769 3415 1806 3486 in
1823 3435 1923 3485 men-

527 3539 601 3602 tem
613 3551 624 3620 ;
657 3532 827 3606 nimirum
852 3530 952 3628 quod
968 3553 1042 3604 non
1058 3527 1097 3625 srt
1123 3523 1357 3628 impossibile,
1390 3549 1505 3601 unum
1523 3525 1689 3624 idemque
1710 3527 1843 3603 animal
1858 3527 1920 3614 bis,

394 3637 396 3642 ’
444 3675 449 3680 ·
525 3642 585 3720 seu
611 3643 766 3746 pluries,
799 3647 1016 3744 generari&
1044 3645 1138 3720 mori
1160 3641 1258 3746 polle
1277 3667 1297 3716 :.
1318 3641 1343 3716 li
1366 3644 1463 3717 enim
1494 3665 1557 3740 per
1579 3659 1737 3719 mortem
1763 3645 1922 3748 animalis

526 3756 617 3834 nihil
641 3759 681 3837 fit
705 3763 824 3850 aliud,
859 3786 966 3863 quarn
990 3765 1065 3859 ejus
1088 3760 1247 3836 reductio
1271 3761 1308 3833 in
1333 3759 1520 3858 pristinum
1543 3757 1644 3835 l'uum
1670 3760 1819 3854 statum3
1836 3761 1922 3861 quid

525 3877 679 3971 impedit
700 3883 895 3980 quominus
917 3879 1039 3956 denuo
1058 3876 1243 3953 evolvatur
1272 3899 1334 3973 per
1354 3871 1594 3952 accretionem
1618 3899 1724 3951 novae
1742 3878 1920 3954 material

528 3990 621 4083 Quis
640 4016 728 4092 ergo
752 3995 833 4084 scit,
861 4021 906 4073 an
934 4019 1009 4073 non
1022 3993 1267 4094 Bucephalus,
1300 3993 1344 4070 ab
1367 3991 1560 4068 Alexandri
1592 3991 1720 4091 lllagni
1743 4009 1915 4094 tempore,

523 4088 708 4186 nrultb⁸ties
735 4111 899 4188 fueritin
935 4114 1096 4199 munda,
1130 4111 1193 4188 sub
1222 4107 1346 4184 visrbili
1369 4111 1452 4208 equi
1478 4107 1627 4184 forma?
1669 4107 1736 4186 Aa·
1754 4110 1793 4187 id
1824 4115 1919 4186 enim

421 4209 424 4214 ’
524 4237 665 4300 tantum
693 4249 800 4326 opus*
822 4229 927 4318 ellet,
969 4247 1011 4308 ut
1035 4253 1147 4330 equus
1174 4222 1330 4327 aliquis,
1361 4249 1446 4302 cum
1476 4225 1638 4325 pabulo,
1671 4243 1731 4303 aut
1766 4231 1917 4325 potione

523 4343 845 4448 imperceptibilem
873 4344 1117 4445 Bucephalum
1147 4345 1378 4431 absorberet,
1412 4367 1568 4444 eumque
1595 4366 1680 4419 cum
1700 4342 1844 4443 reliquis
1866 4343 1915 4420 se-

523 4460 629 4536 minis
649 4461 701 4541 lui
723 4461 928 4542 animaculis
947 4461 1188 4564 permisceret·
1216 4460 1328 4540 Vides
1347 4483 1406 4540 me
1428 4459 1521 4538 nihil
1542 4457 1659 4538 dicere
1680 4460 1724 4537 de
1743 4457 1910 4547 homine,

1008 4597 1017 4606 .
1837 4599 1919 4682 qma
