4266 5534
275 321 587 409 rrrnnrrrr
622 282 1487 420 trrrnuourrrr‚nr1'sr.ronmr.
1530 343 1623 438 ως,

200 477 320 566 Mitto
340 503 413 581 ego
435 479 553 560 Notas
570 468 837 586 Hugenianas‚
870 507 956 588 quas
978 484 1017 560 in
1041 479 1186 584 reliquis
1204 481 1384 563 Aliorum
1405 483 1533 565 Tomis
1554 510 1609 564 re·
1662 496 1761 582 1696

204 602 311 702 peri:
345 597 483 676 videbis
501 599 545 676 ab
567 597 892 682 initioHuorur
906 627 930 678 u
943 626 974 678 nr
1005 602 1102 679 idem
1131 601 1233 700 quod
1265 602 1355 680 olim
1381 627 1401 680 a
1423 602 1480 681 Te
1509 603 1610 705 petess
1627 587 1792 691 Septemb.

201 717 289 798 batn
315 713 501 809 sciscitari,
533 717 793 816 compendium
819 721 953 799 scilicet
981 715 1183 797 summandi
1215 719 1499 818 progressionem
1529 719 1611 800 ber-

200 834 387 912 monicam
409 833 651 914 terminorum
667 860 820 918 numero
845 837 1054 932 finitorum3
1084 833 1175 912 mihi
1194 836 1343 936 quidem
1367 843 1511 938 roganti
1536 861 1610 916 resa

203 949 373 1052 cripseras
404 973 473 1030 nec
506 949 592 1029 Tibi
611 951 685 1030 hoc
710 943 971 1058 compendium
990 969 1122 1033 notum
1149 951 1237 1048 effe3
1268 956 1353 1056 quia
1388 971 1509 1035 autem
1527 970 1609 1036 tum

203 1069 379 1169 temporis
401 1068 506 1169 hujus
528 1067 601 1147 loci
619 1071 658 1146 in
674 1065 781 1150 Atiir
804 1095 883 1150 non
914 1069 1148 1158 recordabar,
1180 1093 1280 1148 nunc
1301 1073 1497 1150 commode
1518 1076 1608 1152 inci-

203 1185 278 1274 dit,
312 1199 354 1264 ut
384 1186 583 1264 instantiam
613 1185 763 1277 faciam,
796 1188 987 1290 quomodo
1024 1212 1114 1288 ergo
1146 1188 1409 1290 interpretanda
1437 1189 1505 1268 fint
1532 1190 1609 1268 haec

203 1315 268 1382 tua
305 1302 431 1394 verba,
473 1320 694 1411 quotcunque
722 1310 953 1382 terminorum
987 1329 1132 1381 numero
1154 1303 1349 1406 finiturum
1373 1303 1608 1413 pregrefflom'u

202 1414 569 1522 burmouicaefirmma
592 1421 791 1532 compendio
810 1421 930 1528 aliquo
958 1426 1046 1499 iniri
1058 1421 1178 1530 potest.
1240 1421 1489 1503 Occurrerunt
1510 1448 1607 1525 quar·

203 1535 290 1616 dam
308 1539 441 1638 partim
460 1538 693 1639 plumbagine
715 1539 863 1618 confuse
878 1540 1024 1641 scripta,
1058 1542 1221 1641 partima
1240 1538 1453 1642 Bibliopega
1474 1566 1494 1620 a
1514 1563 1608 1618 mar-

203 1657 291 1755 gine
314 1653 460 1747 referta,
493 1677 576 1758 quae
604 1679 681 1733 non
708 1660 824 1758 probe
842 1655 961 1756 legere
989 1670 1192 1757 poteram..
1225 1645 1502 1762 Nonnunquam
1519 1657 1607 1734 alios

203 1771 468 1873 reprehendens
490 1773 563 1875 ipse
584 1777 741 1851 maxime
763 1773 925 1869 fallitur3
957 1773 1112 1874 exempli
1136 1768 1270 1873 gratia',
1303 1799 1390 1854 cum
1414 1788 1541 1852 contra
1558 1773 1605 1853 D;

204 1887 252 1969 T.
274 1885 388 1966 afferit
412 1915 489 1968 non
507 1890 625 1969 solum
646 1885 898 1979 infinitarum,
930 1889 990 1967 sed
1015 1893 1183 1970 omnium
1203 1890 1354 1970 Lunulae
1378 1885 1607 1996 ruppocrur·

205 2029 251 2084 cu
279 2008 436 2107 partium
464 2006 587 2087 haberi
617 2007 879 2111 quadraturas3
910 2005 1125 2086 fatfiumum
1157 2010 1239 2086 est:
1286 2008 1476 2092 haberetur
1510 2011 1608 2086 enim

206 2124 421 2226 quadratura
441 2117 550 2226 ipfius
578 2124 739 2220 circuli,
769 2124 945 2204 sromnes
965 2139 1082 2227 partes
1101 2125 1253 2205 Lunulae
1277 2123 1386 2204 effent
1419 2125 1609 2229 quadrabi-

208 2241 270 2319 les
331 2239 481 2320 Videbis
499 2243 637 2334 etiam,
667 2265 778 2346 quern
804 2246 844 2321 in
861 2241 952 2320 Tuis
982 2243 1101 2320 castris
1124 2255 1245 2321 totum
1272 2245 1442 2348 putabas,
1476 2241 1609 2344 quoui-

206 2381 280 2462 que
307 2381 412 2440 novae
434 2361 601 2462 opinioni
621 2359 666 2439 de
695 2362 927 2440 aestimatione
952 2361 1085 2436 virium
1119 2359 1322 2461 astipulatus
1351 2359 1487 2440 fuerit:
1519 2373 1609 2438 tune

208 2475 351 2556 'tantum
374 2476 526 2565 scilicet,
561 2476 707 2578 quando
736 2477 909 2577 agebatur
934 2474 981 2552 de
999 2476 1154 2565 viribus,
1187 2491 1229 2555 ut
1253 2490 1378 2567 vocat,
1393 2474 1609 2554 asoenfiona-

210 2589 326 2704 libus:
358 2593 418 2672 sed
440 2597 520 2699 quis
539 2607 614 2672 tam
643 2594 813 2673 absonam
842 2593 1097 2672 luniutionem
1119 2590 1141 2672 t
1163 2605 1265 2672 tanto
1294 2591 1388 2671 Viro
1413 2593 1613 2695 prosettam

207 2727 325 2816 putet·
816 2787 818 2797 ,

268 2827 410 2908 Verum
438 2826 487 2904 eit
508 2815 696 2918 Putrem,
731 2830 769 2906 &
789 2853 866 2918 me,
899 2828 1025 2907 eadem
1038 2827 1112 2907 fere
1138 2831 1178 2905 in
1209 2818 1518 2931 isthimaufianis
1544 2851 1612 2906 no-

210 2943 312 3041 taise3
343 2957 561 3022 nontamen
583 2947 833 3025 animadvertit
852 2945 952 3048 quod
973 2968 1044 3044 ego
1065 2971 1081 3041 3·
1106 2946 1208 3048 quod
1231 2947 1363 3026 scilicet
1381 2946 1512 3026 modus
1537 2943 1614 3024 abi-

212 3062 384 3146 cindendi
406 3065 594 3168 portiones
619 3089 639 3141 a
662 3089 770 3142 curva
792 3064 995 3165 parabolion
1023 3067 1062 3141 in
1091 3063 1173 3142 data
1193 3067 1332 3144 ratione
1362 3062 1562 3164 dependeat
1592 3087 1614 3139 a

211 3179 464 3260 rectificatione
482 3177 587 3279 ipfius
616 3203 733 3260 curva
763 3179 974 3281 parabolicae
975 3240 1151 3262 .....
1173 3215 1177 3222 ’
1183 3237 1359 3260 .....
1392 3179 1503 3283 Quid
1527 3177 1615 3256 Tibi

212 3300 359 3378 videtur
389 3295 578 3374 decurris
604 3297 701 3387 illis,
744 3321 831 3399 quas
863 3322 982 3400 neque
1009 3323 1075 3400 per
1109 3290 1372 3401 Crrrtqstrtram'³
1405 3319 1524 3396 neque
1549 3277 1614 3394 per

212 3415 441 3494 infinitorum
456 3414 703 3493 Geometriam
722 3415 951 3493 determinari
974 3414 1073 3518 posse
1089 3414 1240 3494 ostendo
1262 3422 1313 3507 §z
1344 3411 1541 3492 Habebunt
1554 3411 1614 3488 hic

214 3533 370 3633 vulgaris
391 3531 607 3611 Geometriae
623 3545 798 3610 arnatores
822 3556 956 3611 novam
976 3531 1181 3633 speculandi
1197 3533 1390 3608 materiam.

273 3649 382 3732 uerte
408 3647 543 3738 sentis,
574 3651 750 3750 posterior
769 3673 849 3727 mea
873 3649 1074 3728 Methodus
1091 3647 1458 3752 Brachystoehronam
1478 3644 1616 3724 solven-

215 3767 288 3858 di,
321 3789 429 3869 quam
456 3768 526 3856 late
555 3779 675 3866 patere
696 3761 811 3855 dicis,
844 3791 922 3842 non
942 3767 1058 3844 statim
1081 3765 1262 3866 vulganda
1279 3767 1352 3861 est3
1384 3765 1503 3842 donee
1533 3763 1617 3840 Ma·

216 3885 400 3964 thernatici
422 3884 496 3962 suas
519 3883 713 3962 solutiones
741 3883 988 3972 exhibuerint,
1021 3896 1083 3961 aut
1109 3881 1187 3961 haec
1209 3907 1287 3960 non
1315 3882 1406 3960 adeo
1428 3882 1519 3960 levia
1550 3877 1618 3958 effe

77 4033 80 4038 ’
217 4004 377 4103 ingenue
399 3999 542 4104 profeffi
565 4001 706 4080 fuerint
767 3999 857 4079 Non
881 4000 1032 4090 dubito,
1065 3998 1202 4099 quinfi
1228 3997 1366 4078 vidiffes
1386 3999 1618 4079 Problematis

216 4123 291 4198 mei
313 4119 631 4222 proposrtionem,
664 4119 762 4196 utin
785 4110 892 4193 Aut
914 4131 1032 4206 extat,
1066 4117 1182 4194 statim
1202 4113 1321 4196 fuisses
1342 4141 1479 4196 nomen
1503 4123 1620 4195 curvsae

220 4237 529 4340 deprehensorum
560 4235 662 4337 quod
686 4236 785 4312 eninr
803 4235 880 4313 dixi
909 4231 976 4312 effe
998 4257 1145 4313 curvam
1168 4233 1372 4315 Geometris
1390 4231 1617 4318 notiffrmam,

770 4355 779 4366 “
958 4349 1035 4435 Cc·
1078 4353 1114 4432 '2
1175 4385 1181 4396 ·
1549 4348 1624 4424 hoc
1792 4364 1794 4370 ’

263 4547 366 4632 Μὰ.
390 4541 476 4612 Ernd.
506 4549 597 4627 1696.
617 4543 682 4623 Jnn.
700 4541 923 4632 p.264&seq.
945 4538 1436 4630 stropproutusxxxp.
1451 4553 1518 4623 ιςς.
1561 4563 1563 4568 ·
