4168 5524
239 509 242 516 ’
372 519 467 598 1⁶98

384 611 465 683 Dec.

529 351 604 424 420
658 319 1199 419 'courrrrcruru
1252 335 1782 433 sersrotrcurr,

529 483 568 559 di
601 497 733 561 conatu
759 480 915 582 posueris
942 480 1037 558 Tuas
1062 477 1282 558 Entelechias
1308 485 1526 582 primitivas,
1570 473 1629 558 seu
1656 484 1771 566 vitas,
1814 477 1934 556 fateor

530 606 661 678 iterum
688 623 843 676 menon
868 595 965 697 polle
994 596 1122 696 affequi
1144 602 1181 672 iu
1212 623 1290 698 quo
1311 599 1387 676 illas
1421 597 1606 676 confistere
1640 595 1758 674 facias.
1826 596 1933 674 Dicis
2072 659 2073 670 2

531 716 612 818 ipsis
630 713 735 791 incise
756 717 1028 814 perceptionem
1056 717 1092 790 &
1119 719 1403 814 appetitionem3
1442 713 1539 814 Ergo
1567 715 1656 814 quid
1678 715 1814 791 diutius
1843 737 1935 790 cun·

533 833 657 912 ilaris?
688 831 760 909 Dic
782 831 999 912 Errtelechias
1024 832 1099 906 illas
1117 830 1212 908 Tuas
1227 829 1292 906 elle
1310 835 1443 909 anbnas
1465 834 1691 924 rationalesp
1708 830 1816 908 solius
1832 833 1930 905 enirn

534 955 661 1028 anime
684 949 863 1024 rationalis
889 949 937 1024 est
966 949 1211 1046 percipere&
1238 965 1424 1047 appetere,
1457 953 1515 1038 uti
1538 939 1732 1047 Cartrfiam'
1766 948 1895 1023 dicunt
1919 971 1931 1037 ;

535 1070 572 1144 &
605 1066 652 1142 fic
672 1066 726 1142 Te
750 1063 998 1168 dispensabunt
1020 1065 1063 1140 ab
1089 1063 1250 1141 ulteriori
1282 1065 1540 1166 explicatione,
1574 1064 1634 1142 sed
1656 1066 1847 1165 negabunt
1864 1063 1935 1140 bu-

422 1265 425 1274 ,
534 1184 689 1280 jusmodi
708 1185 839 1257 animas
859 1182 1072 1280 corporibus
1094 1196 1312 1282 competere.

595 1301 684 1378 Non
711 1303 823 1373 miror
847 1297 902 1373 Te
930 1296 1020 1372 mihi
1039 1295 1210 1386 assentiri,
1243 1297 1346 1397 quod
1370 1299 1588 1395 conjecerim
1613 1295 1680 1375 elle
1701 1297 1871 1374 animalia
1894 1299 1932 1371 irr

536 1416 698 1501 mundo,
732 1430 833 1490 tanto
855 1416 988 1508 majora
1007 1415 1155 1500 nostris,
1187 1431 1323 1513 quanto
1343 1415 1461 1490 nostra
1489 1413 1570 1490 sunt
1593 1418 1728 1512 majora
1756 1414 1825 1489 illis
1868 1417 1933 1488 nri-

536 1533 760 1631 croipiorum
784 1529 1028 1608 animalculis:
1062 1530 1148 1607 Tibi
1167 1534 1263 1604 euim
1286 1544 1406 1610 totum
1429 1529 1634 1609 universum
1663 1532 1713 1606 est
1743 1536 1934 1628 congeries

332 1683 335 1692 ·
395 1703 407 1730 .
534 1649 753 1726 animalium.
812 1645 881 1724 Sed
909 1669 979 1742 ego
1002 1649 1114 1744 magis
1142 1650 1288 1745 proprie
1306 1647 1343 1721 id
1368 1647 1491 1732 sumo,
1524 1647 1712 1723 statuendo
1752 1647 1810 1720 illa
1862 1650 1937 1721 ani·

535 1767 660 1852 mulia,
693 1765 798 1840 nobis
821 1763 1017 1862 nostrisque
1054 1761 1265 1840 animalibus
1304 1764 1634 1863 incomparabiliter
1666 1767 1833 1860 majora,
1868 1760 1932 1838 elle

535 1885 574 1958 in
596 1881 693 1959 sensu
715 1879 852 1978 vulgari
881 1879 1069 1965 animalia,
1100 1879 1266 1956 habentia
1284 1903 1415 1980 corpus
1443 1881 1479 1955 dc
1500 1882 1659 1955 membra
1686 1881 1814 1957 nostris
1840 1879 1935 1954 fimi·

536 1999 607 2086 lia,
640 1999 697 2072 vel
718 2020 845 2073 eorum
867 1994 952 2072 loco
981 1995 1115 2095 aliquid
1135 1994 1300 2094 analogi3
1333 1999 1496 2097 interque
1533 1995 1592 2072 illa
1632 1995 1816 2084 animalia,
1867 1993 1934 2072 elle

535 2119 642 2194 etiarn
658 2109 913 2212 intelligentia,
944 2110 1004 2188 seu
1020 2115 1156 2188 ratione
1169 2116 1324 2200 utentia,
1357 2113 1394 2190 id
1425 2115 1498 2206 est,
1540 2111 1715 2188 homines.
1744 2113 1811 2190 Sed
1832 2137 1933 2188 reve·
2072 2149 2073 2154 =

535 2258 575 2310 ra
594 2236 726 2310 mirum
754 2229 846 2306 mihi
868 2228 1033 2315 videtur,
1062 2228 1165 2327 quod
1181 2228 1268 2304 dicis
1286 2231 1440 2304 animam
1464 2229 1656 2306 sentiendo
1686 2229 1865 2305 transferri
1893 2232 1934 2304 iu
2072 2229 2073 2310 i

535 2348 740 2436 mundum,
769 2347 869 2439 suu,
900 2351 1036 2445 inquo
1063 2347 1171 2432 uixit,
1204 2341 1746 2443 iucomparabiliterminorem3
1779 2347 1817 2420 dr
1832 2369 1933 2422 mor-

471 2461 477 2468 ’
537 2479 611 2542 tem
628 2465 720 2542 nihil
743 2461 839 2541 aliud
864 2461 931 2540 elle
951 2485 1060 2562 quam
1078 2461 1237 2538 annualis
1264 2461 1577 2540 contractionem:
1598 2461 1672 2538 hoc
1689 2463 1932 2564 quodammo-

538 2582 588 2658 do
599 2583 685 2681 sapit
711 2565 1003 2672 utrenalnixomrr
1024 2571 1309 2687 Pythagoricum..

596 2695 973 2800 Proutlllathenutice
988 2695 1140 2796 explicas
1152 2699 1383 2796 gravitatem,
1416 2695 1684 2773 abstrahendOa
1717 2691 1827 2774 caulis
1845 2691 1935 2796 phy·

538 2812 635 2901 ficis,
669 2812 775 2890 video
800 2811 892 2888 clare
909 2812 1030 2908 legem-
1054 2816 1201 2890 rationis
1229 2812 1419 2911 duplicatae
1457 2817 1651 2916 reciprocae
1687 2813 1932 2890 distantiarum

538 2955 561 3008 a
581 2929 757 3016 radiante,
789 2926 930 3005 nonnili
950 2951 1014 3026 per
1035 2929 1167 3027 gradus
1187 2932 1317 3007 mutari
1339 2930 1663 3030 appropinquando
1684 2929 1730 3007 ad
1757 2929 1934 3020 Terram;

536 3049 602 3124 ubi
629 3045 760 3122 scilicet
784 3044 899 3142 ipsum
922 3045 1059 3124 radians
1095 3050 1213 3125 minus
1248 3049 1376 3146 incipit
1412 3044 1542 3144 habere
1582 3049 1758 3122 rationem
1792 3045 1933 3149 puniti.
2068 3051 2072 3088 '=

537 3163 610 3240 Sed
635 3185 711 3238 non
734 3161 867 3248 video,
901 3161 964 3238 ubi
1008 3164 1046 3238 iu
1074 3161 1185 3261 ipsam
1217 3164 1366 3241 Terram
1385 3161 1578 3248 inciditur,
1621 3187 1755 3239 novam
1793 3162 1932 3260 Legem

538 3280 643 3358 oriri:
678 3279 727 3355 est
751 3283 848 3356 enim
867 3279 960 3355 iutra
979 3281 1017 3354 dc
1038 3291 1136 3354 extra
1152 3278 1304 3355 Terram
1332 3279 1456 3355 eadem
1478 3278 1576 3356 causa
1602 3281 1812 3376 gravitatis3
1839 3299 1931 3380 prae·
2071 3345 2072 3352 a

539 3411 654 3484 terea,
686 3395 824 3472 radians
841 3409 1004 3471 naturam
1026 3394 1151 3495 puniti
1165 3410 1341 3494 perpetuo
1362 3393 1493 3488 servat3
1524 3394 1561 3472 id
1581 3399 1681 3470 enim
1701 3397 1750 3472 est
1765 3410 1932 3470 centrum
2071 3391 2072 3402 ’

539 3513 685 3602 Terrae,
718 3512 835 3591 versus
859 3511 960 3610 quod
990 3514 1111 3610 gravia
1131 3510 1378 3590 detruduntur.
1441 3511 1549 3588 Unde
1569 3534 1646 3588 non
1691 3514 1797 3611 capio
1833 3507 1934 3610 quod
2071 3517 2072 3522 '

537 3629 831 3708 Nrwrouus
861 3627 979 3714 dicit,
1016 3653 1093 3705 non
1120 3645 1285 3706 centrum
1312 3641 1480 3715 tantum,
1529 3629 1589 3706 sed
1639 3631 1760 3705 omnia
1797 3629 1934 3727 reliqua

539 3747 670 3844 punite
691 3746 874 3824 attrahere.
935 3744 1076 3822 Demus
1098 3759 1217 3820 auteur
1236 3743 1345 3822 talem
1362 3744 1606 3822 attraeiionem
1628 3745 1774 3844 singuiis
1814 3745 1935 3823 Terrae

540 3863 678 3958 punitis
708 3862 839 3952 melle,
870 3859 1033 3962 adeoque
1060 3861 1160 3936 illam
1181 3883 1286 3960 agere
1329 3865 1548 3960 incorpora
1584 3887 1674 3940 cum·
1704 3862 1790 3940 sunt
1836 3875 1934 3936 extra
2071 3883 2072 3956 ξ

541 3977 692 4054 Terram
714 3980 838 4056 eadem
867 3980 975 4078 lege,
1006 4003 1076 4079 qua
1098 3979 1244 4078 quando
1263 3977 1342 4054 sunt
1365 3976 1458 4053 intra
1492 3969 1641 4056 ea'rrdem
1649 4003 1661 4072 3
1705 4002 1782 4054 non
1823 3977 1930 4052 video

408 4125 411 4130 ·
543 4118 630 4180 cur,
661 4091 703 4169 in
726 4096 797 4194 ipsa
820 4097 942 4174 Terrae
963 4095 1175 4198 superficie,
1204 4095 1281 4173 talis
1309 4092 1487 4174 subitanea
1516 4099 1668 4173 mutatio
1698 4093 1861 4172 accidere
1875 4093 1941 4168 de-

403 4267 406 4274 ·
541 4213 638 4288 beat..

471 4389 484 4428 )

601 4327 694 4406 Puto
718 4324 938 4403 Catenariam
956 4333 1061 4404 etiam
1082 4326 1206 4404 locum
1237 4329 1367 4406 habere
1401 4327 1498 4428 polle
1525 4353 1594 4427 pro
1614 4327 1728 4426 figura
1755 4328 1930 4416 fornicis,

539 4443 624 4524 licet
643 4467 732 4524 cum.
747 4440 923 4532 orailrtie,
951 4443 1014 4520 vel
1031 4443 1217 4522 altitudine
1241 4445 1325 4535 fiat,
1358 4445 1520 4526 iimodo
1542 4459 1666 4524 centra
1679 4449 1863 4544 gravitatis
1886 4445 1933 4519 la-

1808 4562 1941 4670 pidum
