4266 5534
565 311 635 382 190
712 289 1252 435 COMMEllffchM
1296 289 1863 381 EPISTOLICUM,

417 461 513 542 ¹696
559 454 732 556 particula
753 463 907 534 materiae
931 455 1106 557 gratificae
1133 468 1260 552 totam,
1273 456 1371 534 suam
1394 458 1471 532 vim
1493 456 1532 530 in
1552 477 1662 556 grave
1689 447 1878 531 transferre
1898 450 1962 528 de:

389 553 527 646 August.
560 575 671 661 beat,
703 570 866 651 simodo
896 573 1114 653 concedatur
1135 575 1218 676 posi
1236 574 1346 652 stium
1369 597 1447 650 non
1472 572 1587 650 statim
1615 573 1814 673 repercuti,
1857 568 1958 672 quod
2096 575 2097 586 '

2096 589 2097 640 t

559 692 599 767 δι
619 688 691 790 lpse
712 693 783 786 jam
811 690 1015 770 concessrsti

618 805 778 904 Oportet
798 822 839 884 ut
867 806 1010 884 definias
1030 801 1120 911 quid
1149 808 1413 908 peractionem
1436 805 1635 905 intelligam
1665 804 1749 883 alias
1776 801 1868 880 nihil
1892 825 1959 880 un-
2096 853 2097 942 ἰ

558 947 669 1024 quam
694 922 926 1000 demonstrari
960 928 1102 1023 poterit
1149 923 1281 1004 Omnis
1308 926 1468 1011 veritas,
1503 937 1565 1002 aut
1595 924 1646 1001 est
1677 921 1856 1006 Axiorna,
1900 933 1960 996 aut
2096 943 2097 1024 p

560 1064 607 1117 ex
630 1040 879 1118 Axionratibus
903 1040 1077 1135 derivata3
1109 1038 1269 1142 Oportet
1293 1062 1381 1140 ergo
1400 1055 1442 1118 ut
1465 1040 1511 1116 ad
1528 1026 1841 1118 demonstrandam
1858 1034 1960 1112 illam

559 1159 598 1231 in
627 1156 747 1257 aliquo
779 1156 969 1234 Axiomate
1001 1156 1186 1246 fubfistas,
1219 1181 1266 1233 ne
1300 1161 1339 1234 in
1370 1155 1550 1234 infinitum
1579 1155 1752 1254 progredi
1787 1155 1957 1252 cogaris;

559 1277 672 1350 miror
694 1277 813 1373 itaque
843 1272 945 1375 quod
968 1272 1077 1362 dicis,
1112 1265 1166 1351 Te
1188 1277 1302 1351 omnis
1331 1269 1545 1352 Axiomaeris
1574 1263 1765 1348 adhibendi
1789 1264 1960 1370 defidert-

559 1391 594 1465 ri
621 1385 958 1489 demonstrationem.
1020 1389 1223 1484 Quidni&
1252 1393 1291 1466 in
1320 1389 1472 1470 dubium
1504 1413 1633 1478 vocat,
1665 1413 1712 1467 an
1747 1386 1888 1464 Totum
1916 1382 1958 1462 srt

553 1511 674 1604 majus
699 1505 758 1584 fua
782 1507 911 1606 parte?
941 1505 1000 1583 sed
1029 1523 1070 1587 ut
1093 1507 1137 1584 ad
1169 1507 1347 1584 astionem
1375 1509 1545 1596 redeam,
1574 1506 1624 1586 da
1654 1505 1746 1582 mihi
1778 1502 1958 1584 definitio·
2096 1533 2097 1538 ¹

562 1648 647 1704 nenr
668 1627 855 1712 nominis,
889 1623 1051 1702 &facile
1080 1620 1328 1702 difficultatem
1348 1625 1492 1703 diluam.
1554 1623 1592 1702 Si
1619 1626 1718 1700 enim
1747 1645 1812 1720 per
1850 1619 1959 1696 adio·

561 1764 648 1819 nem
676 1741 851 1840 intelligas
888 1739 1004 1820 solum
1019 1729 1226 1830 essedum,
1258 1767 1344 1820 non
1374 1742 1595 1821 confiderato
1627 1755 1763 1842 quanto
1793 1751 1959 1836 tempore

430 1889 433 1898 ·
562 1855 605 1934 sit
627 1858 842 1956 produtius,
878 1873 965 1936 tunc
992 1861 1115 1959 utique
1147 1859 1238 1936 attio
1278 1861 1309 1936 A
1336 1860 1465 1936 faciens
1498 1860 1596 1936 idern
1629 1860 1731 1934 brevi
1757 1872 1956 1954 tempore,

563 1997 640 2050 non
668 1979 733 2050 erit
756 1979 893 2071 major,
925 1973 985 2049 fed
1009 1974 1150 2076 aequalis
1168 1976 1297 2053 atiioni
1323 1977 1350 2054 B
1376 1977 1520 2054 facienti
1555 1974 1652 2055 idem
1674 1975 1789 2072 longo
1816 1987 1959 2068 tempo,
2096 2035 2097 2044 ,

562 2113 623 2178 re,
655 2095 739 2190 quio
758 2091 900 2171 effesius
921 2091 1088 2189 producti
1114 2091 1194 2168 sunt
1214 2093 1385 2193 aequales3
1417 2091 1443 2170 si
1466 2117 1552 2171 vero
1570 2115 1635 2194 per
1657 2091 1832 2170 arnonem
1855 2084 1958 2164 intel·

562 2205 651 2304 ligas
666 2206 919 2306 ,composrturn
951 2232 996 2288 ex
1022 2205 1150 2308 effodio
1173 2211 1350 2307 produtio
1379 2214 1416 2287 &
1446 2227 1637 2310 tempore,
1679 2223 1767 2284 runc
1794 2205 1899 2282 noro
1927 2201 1955 2280 A
2096 2209 2097 2218 '

563 2327 678 2419 major
701 2328 767 2401 erit
784 2348 892 2424 quarn
907 2325 997 2402 aslio
1020 2324 1057 2403 B.
1119 2323 1208 2403 Haec
1221 2381 1233 2418 ,
1264 2331 1302 2404 ni
1326 2325 1452 2416 fallor,
1486 2331 1650 2405 nitrmtur
1671 2323 1769 2402 sensu
1791 2343 1956 2402 commu-

563 2443 624 2529 ni,
655 2451 716 2522 aut
745 2439 863 2520 forsan
887 2457 1046 2520 mentem
1067 2442 1185 2520 Tuam
1208 2443 1381 2522 nonsatis
1403 2442 1572 2546 assequor.
1595 2486 1598 2503 1

622 2557 717 2637 Cum
737 2583 854 2636 meam
876 2582 1021 2637 curvam
1042 2559 1255 2659 appellarem
1278 2552 1629 2664 Bracbystocrontm,
1659 2559 1698 2636 id
1723 2557 1793 2634 feci
1810 2579 1855 2633 ex
1869 2577 1955 2632 con·
2015 2586 2018 2596 Α
2096 2561 2097 2570 '

564 2673 772 2751 fideratione
801 2669 984 2776 sfochronae
1002 2668 1239 2778 Hagenianae,
1272 2693 1313 2756 ut
1343 2704 1427 2756 curn
1448 2681 1563 2756 eidem
1592 2699 1708 2778 curvae
1722 2685 1950 2774 competant,

566 2789 719 2868 habeant
742 2794 847 2867 etiam
867 2795 1016 2868 nomina
1038 2797 1335 2893 quam-maxime
1361 2793 1486 2874 affinia
1548 2793 1758 2894 Nihildicis
1771 2791 1821 2892 ¹de
1849 2809 1954 2868 curra

567 2931 677 3008 quam
704 2907 848 3008 appello
880 2901 1145 3013 d'yncbronaem,
1181 2935 1361 3013 quamque
1394 2914 1484 2990 adeo
1507 2911 1711 3011 simpliciter
1740 2895 1913 2986 construo
1941 2958 1952 2991 ‚

567 3023 699 3126 etlamsr
725 3048 797 3124 pro
816 3024 876 3104 iila
901 3024 1038 3104 nullam
1066 3030 1267 3136 invenerim
1289 3031 1527 3132 aquationem
1557 3025 1860 3112 differentialem,
1894 3045 1960 3114 ne-⁸

566 3142 653 3220 dunr
665 3142 821 3243 aliquam
845 3143 1050 3222 inveniendi
1062 3148 1162 3224 ,viam
1184 3145 1419 3246 perspiciam:
1452 3145 1581 3224 uellem
1595 3161 1636 3221 ut
1657 3167 1761 3221 novae
1783 3140 1956 3238 huicfpe·
1993 3187 1995 3194 ι

565 3259 737 3338 culationi
759 3257 872 3336 otiosa
893 3260 1031 3359 aliquot
1061 3277 1246 3340 momenta
1273 3265 1476 3352 tribueres,
1508 3277 1549 3340 ut
1578 3261 1736 3340 &alteri
1760 3259 1812 3336 illi
1835 3279 1955 3334 exem-

564 3376 649 3474 plo,
683 3376 782 3476 quod
810 3376 982 3477 proposui
1017 3378 1063 3456 de
1097 3379 1309 3458 invenienda
1343 3405 1450 3456 curva
1481 3379 1649 3457 omnibus
1679 3374 1953 3477 Logarithmicis

564 3494 767 3569 communis
799 3496 872 3570 artis
895 3497 932 3570 ἃ
951 3517 997 3570 ex
1022 3494 1152 3574 eodem
1182 3496 1316 3597 puntio
1343 3495 1524 3596 descriptis
1551 3495 1715 3572 normali
1776 3493 1872 3571 Scire
1899 3489 1955 3569 Te

563 3608 671 3686 velim
689 3608 794 3706 hujus
811 3609 901 3690 mihi
914 3609 1129 3690 solutionem
1150 3611 1217 3691 effe
1236 3626 1434 3712 repertam,
1466 3611 1574 3714 pa‘ulo
1599 3615 1680 3716 post
1699 3610 1841 3690 ultnnas
1859 3627 1956 3684 meas
1998 3696 2002 3703 ¹

563 3726 608 3804 ad
640 3725 695 3804 Te
723 3725 856 3806 cursori
876 3729 1055 3806 traditas..
1089 3729 1215 3810 Inveni
1245 3730 1344 3830 quod
1375 3729 1416 3808 srt
1446 3753 1554 3810 curua
1589 3755 1635 3807 ex
1667 3726 1954 3830 percurrentium

561 3866 714 3942 genere,
744 3859 786 3924 ut
810 3869 929 3934 voco,
961 3869 1070 3946 quam
1090 3846 1244 3948 proinde
1266 3869 1336 3948 ope
1360 3847 1465 3948 ipsrus
1488 3847 1765 3948 Logarithmicae
1786 3841 1955 3920 facillime
2096 3941 2097 3944 Ν

561 3961 739 4038 construo.
801 3959 860 4040 Est
879 3964 961 4044 sane
990 3961 1231 4066 Exemplum,
1263 3967 1327 4042 ubi
1357 3963 1495 4046 Calculi
1516 3963 1754 4066 percurrentis
1771 3959 1852 4044 usus
1874 3954 1956 4037 infi-
2096 3947 2097 4002 ³

561 4079 679 4182 gniter
702 4078 826 4158 elucet.

619 4193 892 4278 Vnrrtsrus
920 4198 961 4278 N
970 4215 1167 4282 uwnour
1195 4200 1418 4290 Methodum
1441 4203 1561 4303 paucis
1594 4197 1741 4302 quidem
1764 4193 1921 4300 explicat
1943 4217 1956 4288 3

427 4419 430 4424 Ι
561 4335 607 4390 ex
624 4311 693 4390 illis
710 4317 833 4413 paucis
855 4330 977 4394 tamen
999 4319 1126 4407 uideo,
1161 4322 1261 4420 quod
1290 4326 1328 4398 in
1352 4345 1389 4398 re
1410 4325 1618 4420 neutiquam
1648 4317 1787 4395 differat
1818 4342 1838 4395 a
1872 4311 1966 4422 (331-ι

560 4429 647 4509 culo
670 4429 918 4524 differentias,
950 4447 992 4512 ut
1014 4433 1089 4540 ipse
1113 4435 1153 4516 N
1163 4459 1402 4516 aweouuo
1427 4437 1554 4517 fatetur
1577 4439 1616 4512 in
1634 4433 1703 4514 suis
1723 4427 1845 4512 Princ.
1872 4445 1955 4507 nar.
2078 4481 2079 4486 κ

887 4557 890 4562 ’
1871 4566 1955 4647 Pig-
