4168 5524
242 280 548 372 nnrsnrrm
579 282 649 357 rr
680 273 1072 374 tranantem,
1102 277 1256 358 nisse.
1284 275 1451 356 ixion.
1505 297 1578 372 411

167 427 294 508 berent
313 433 513 518 rationem,
546 430 606 509 seu
626 455 733 531 quam
751 433 1029 531 experientiam,
1062 454 1142 532 quae
1156 435 1375 511 contrarium
1389 429 1471 536 ipsis
1484 449 1566 530 per-
1615 413 1708 495 1693
1786 430 1789 439 “

169 546 349 636 suaderet,
382 569 532 648 quaeque
545 548 687 624 misellis
707 547 779 625 istis
799 546 1018 640 animalculis
1032 548 1233 642 ostenderet
1254 548 1365 642 alium
1379 545 1447 624 esse
1459 571 1566 626 mun-
1603 499 1727 580 Οᾶώ·

170 663 258 742 dum
277 657 689 764 suo-incomparabiliter
713 667 908 762 maiorem,
926 685 1011 742 cum
1031 663 1159 741 incolis
1188 667 1319 764 pariter
1342 663 1566 764 incompara-

168 779 289 856 biliter
311 781 536 878 majoribus?
564 779 645 882 Jam
663 803 775 868 vero,
807 780 833 857 fi
851 783 905 857 isti
922 780 1128 884 pipericolae
1147 781 1184 857 id
1205 780 1292 858 scire
1315 805 1391 856 non
1413 779 1564 884 polfint3

171 899 251 996 quis
278 921 366 996 ergo
383 898 545 976 nostrum
565 897 652 985 scit,
685 921 806 974 annon
827 910 925 976 totus
946 899 1065 974 noster
1085 898 1248 976 Mundus
1264 897 1476 998 aspectabilis
1492 897 1567 974 sor-

170 1029 207 1091 te
231 1012 273 1090 sit
292 1037 466 1114 granum,
499 1001 655 1113 ‘respettu
666 1014 754 1092 alius
778 1015 1066 1114 incomparaliter
1084 1015 1256 1112 majoris?
1273 1011 1332 1106 Est
1350 1016 1447 1089 enim
1464 1027 1567 1091 utro·

171 1132 281 1232 bique
302 1154 365 1230 par
381 1133 481 1208 ratio
512 1163 521 1185 s
542 1129 612 1210 Sed
634 1131 709 1208 aliae
728 1130 819 1206 mihi
842 1130 922 1210 stmt
945 1131 1182 1229 conjecturs,
1216 1154 1301 1230 quas
1326 1131 1385 1206 hic
1411 1129 1577 1212 recenses

171 1271 210 1324 re
247 1251 352 1324 nimis
377 1247 534 1345 longum
561 1247 681 1334 soret,
714 1271 794 1348 quae
812 1261 932 1348 tamen
958 1271 1003 1324 ex
1028 1271 1069 1325 ea
1090 1245 1171 1346 lege
1192 1261 1345 1335 naturae,
1381 1269 1567 1347 nunquam

172 1367 322 1464 abrupte
351 1367 553 1466 incipiemis
579 1359 636 1440 vel
657 1361 874 1452 desinentis,
907 1367 1052 1462 egregie
1064 1359 1337 1442 confirmantur.

229 1480 362 1560 Incidit
378 1485 473 1578 jam,
506 1480 551 1556 de
573 1478 654 1578 lege
680 1483 924 1557 continuitatis
947 1480 1157 1578 cogitanti,
1190 1480 1291 1580 quod
1316 1475 1411 1581 apud
1434 1475 1569 1559 Now-

174 1621 274 1675 aon
288 1621 311 1674 u
326 1623 356 1673 n
377 1596 533 1698 aliosque
552 1593 671 1694 legisse
690 1598 863 1682 memini,
896 1600 1106 1696 gravitatem
1134 1620 1332 1696 corporum
1362 1613 1460 1674 extra
1479 1596 1570 1674 Ter-

174 1737 251 1792 ram
283 1719 322 1791 in
347 1714 528 1814 duplicata.
547 1710 614 1790 ess'e
647 1709 831 1812 reciproce
853 1716 991 1790 ratione
1017 1713 1261 1791 distantiarum
1287 1737 1307 1790 a
1329 1731 1476 1802 centro,
1511 1711 1571 1790 sed

174 1833 265 1908 intra
295 1831 444 1908 Terram
466 1827 532 1908 else
554 1830 684 1906 directe
703 1832 742 1904 in
763 1828 913 1930 simplici
938 1832 1075 1907 ratione
1089 1828 1345 1918 distantiarum.
1375 1828 1462 1908 Hoc
1480 1829 1572 1906 mihi

176 1949 317 2025 videtur
342 1947 463 2048 aliquo
492 1946 608 2024 modo
637 1945 808 2022 adversari
839 1949 1083 2024 continuitatis
1112 1944 1204 2046 legi,
1237 1946 1326 2025 dum
1353 1948 1573 2024 incrementa

175 2067 356 2164 gravitatis
373 2067 413 2141 in
438 2064 509 2164 ipsa
534 2063 654 2140 Terrae
685 2061 869 2162 superficie
889 2061 985 2163 quast
1008 2087 1073 2162 per
1100 2061 1227 2142 saltum
1254 2064 1511 2164 degenerarent
1533 2065 1578 2142 in

175 2181 410 2258 decrementa.
470 2177 568 2258 Nam
585 2178 612 2255 ss
629 2178 674 2256 ad
693 2179 846 2266 rectam,
879 2204 899 2256 a
920 2195 1044 2256 centro
1067 2178 1187 2258 Terrae
1203 2181 1465 2284 prodeuntem,
1485 2203 1575 2256 cun·

177 2301 353 2398 cipiantur
380 2296 549 2396 applicari
566 2296 641 2374 aliae
660 2296 760 2372 resta
784 2299 995 2394 gravitatem
1019 2298 1055 2370 in
1078 2295 1224 2394 singulis
1246 2292 1271 2374 ‘a
1293 2313 1419 2374 centro
1444 2295 1574 2374 distan-

176 2415 234 2494 tiis
259 2411 520 2514 exprimentem
553 2427 659 2491 erunt
679 2399 864 2513 applicatae
885 2427 983 2489 extra
1009 2411 1157 2489 Terram
1178 2412 1223 2490 ad
1250 2412 1499 2514 Hyperbolum
1522 2409 1574 2488 se·

180 2531 291 2610 cundi
313 2531 469 2628 gradus,
501 2533 593 2606 intra
622 2529 771 2608 Terram
797 2552 885 2606 vero
912 2528 958 2606 ad
988 2529 1119 2605 lineam
1148 2531 1300 2613 retiamr
1334 2531 1497 2630 adeoque
1519 2528 1576 2604 hae

177 2648 256 2725 duae
280 2647 381 2724 lineae
411 2650 450 2722 in
480 2660 606 2726 mutua
633 2643 909 2733 intersectione,
942 2646 1007 2724 ubi
1033 2647 1077 2723 ab
1110 2671 1183 2724 una
1210 2646 1254 2724 ad
1284 2646 1388 2724 aliam
1413 2644 1579 2723 transitur

178 2764 237 2842 vel
266 2762 430 2850 saltatur,
464 2765 707 2840 continuitatis
734 2761 853 2862 legem
879 2761 1025 2840 violant.
1086 2761 1190 2858 Qpid
1212 2763 1257 2842 de
1275 2761 1347 2842 hoc
1367 2743 1508 2851 sentias,
1526 2765 1581 2839 in·

185 2880 346 2979 telligere
375 2879 498 2957 velim
563 2969 570 2982 ο
1669 2967 1675 2979 Ι

238 2997 332 3091 Quae
357 2996 443 3073 scire
471 2991 665 3086 desideras,
699 2993 836 3076 curabo
860 2990 1051 3096 diligenter
1073 3011 1115 3076 ut
1129 2991 1260 3076 discam
1279 3019 1299 3074 a
1321 2989 1580 3074 Vns-soso·

182 3136 293 3205 u10;
324 3110 471 3192 Oblitus
490 3137 526 3190 es
547 3118 726 3191 remittere
740 3113 831 3191 mihi
848 3115 922 3212 eius
940 3113 1081 3192 litteras.
1113 3113 1272 3194 Examen
1287 3096 1584 3191 solutionifflre·

176 3233 353 3333 goriam,
386 3231 469 3330 quia
499 3252 576 3306 non
600 3235 715 3332 petis,
749 3253 826 3308 non
862 3231 1089 3326 remitt03s1
1121 3254 1208 3308 vero
1244 3226 1381 3309 nullam
1407 3231 1480 3326 ejus
1509 3221 1586 3303 des·

182 3342 398 3444 criptiouem
419 3344 611 3436 retinuisti,
627 3351 807 3428 remittam
832 3348 971 3443 statim3
1001 3347 1058 3430 sac
1081 3348 1196 3426 modo
1219 3345 1258 3424 id
1277 3343 1457 3423 resciscam
1472 3365 1585 3446 quan-

181 3475 322 3561 tocyus.
354 3460 444 3542 Vale
467 3463 504 3538 &
531 3460 619 3544 fave.

651 3694 893 3798 Amplitudini
917 3692 1008 3778 Tuae

1156 3902 1397 3991 Devotillimo

1069 4115 1467 4227 J.Brnuouunn

255 4337 291 4422 P.
324 4339 361 4424 S.
393 4271 719 4439 Qsoscatensna
745 4359 826 4422 scra
850 4335 892 4419 fit
908 4281 1097 4538 {upaptura
1125 4341 1300 4434 fornicis,
1333 4359 1379 4419 ex
1412 4362 1458 4418 eo
1479 4348 1595 4526 patetc,¹

1067 4477 1092 4538 a
1181 4513 1189 4526 .
1494 4475 1567 4554 quo
