4266 5534
553 317 626 410 ias
728 271 1226 406 cornutorum
1279 315 1806 402 rersrorrcurr,

843 605 1381 806 e'rr-srour
1438 687 1634 777 aare.

558 923 1025 1028 Lerssrslrlr
1088 924 1201 1018 AD
1259 915 1959 1020 BERNOULMUM.

863 1183 1135 1334 Responsio
1177 1179 1238 1290 ad
1278 1175 1657 1326 precedentem.

587 1465 639 1532 De
661 1453 819 1552 refijientirr
850 1455 1030 1528 medionon.
1083 1447 1302 1540 Controversia
1330 1471 1400 1520 cum
1421 1447 1535 1520 Panes
1549 1467 1621 1520 No.
1668 1451 1726 1533 „De
1746 1449 1937 1540 primaeuae

634 1562 751 1627 obirem
777 1555 928 1646 aptiori.
983 1559 1032 1626 De
1062 1559 1160 1625 ceretri
1179 1554 1349 1645 gravitatis
1367 1553 1466 1640 meiere
1486 1547 1540 1617 ares
1552 1540 1710 1640 progreffir
1736 1547 1897 1638 amissioni.

596 1715 600 1722 .
684 1655 851 1726 Traiiaeur
883 1653 1050 1744 dpmarniee.
1104 1656 1154 1722 De
1183 1648 1296 1744 iegibus
1314 1664 1425 1718 mones.
1478 1649 1529 1718 De
1549 1651 1630 1718 notis
1651 1642 1840 1738 ugebrarris.

735 1863 812 1953 Vir
843 1861 1141 1956 Celeberrime,
1176 1859 1317 1948 Fautor
1346 1855 1664 1954 Honoratissime.

416 2133 516 2215 1696
710 2114 929 2196 Editationes
946 2119 1036 2196 Tuae
1056 2115 1145 2192 mihi
1163 2117 1243 2194 sunt
1264 2112 1488 2213 gratissrmae3
1519 2113 1589 2192 fiae
1610 2113 1786 2214 provehas
1809 2115 1958 2204 nostra}

399 2228 501 2303 Mart.
728 2233 799 2313 five
818 2235 1010 2334 ingeniosis
1031 2233 1313 2311 dubitationibus
1330 2231 1488 2308 illustres.
1550 2231 1699 2309 Utinam
1722 2257 1793 2333 ego
1820 2233 1959 2334 semper

559 2349 757 2430 meditandi
777 2352 939 2434 laborem
968 2353 1060 2430 serre
1086 2347 1248 2454 possem,
1281 2362 1323 2428 ut
1352 2347 1438 2426 Tibi
1467 2349 1560 2426 resie
1586 2347 1780 2428 satisfacere
1801 2351 1957 2442 liceret;

558 2465 685 2545 seciam
706 2483 825 2548 nmen
849 2484 1025 2571 quantum
1044 2471 1143 2548 nunc
1163 2465 1358 2546 omninode
1380 2464 1530 2566 possum.
1592 2465 1625 2546 A
1643 2466 1698 2544 Te
1718 2466 1869 2546 abiit'ut
1884 2469 1957 2544 exi-

560 2609 668 2684 gam,
688 2586 779 2663 mihi
806 2602 845 2666 ut
866 2586 1126 2687 septimanatim
1148 2585 1294 2674 scribas,
1322 2609 1408 2663 cum
1425 2587 1522 2685 paria
1539 2585 1686 2662 reddere
1712 2609 1789 2663 non
1808 2583 1952 2686 possim:

562 2700 678 2778 facies
691 2727 806 2800 ergo,
840 2703 942 2802 quod
962 2729 981 2780 e
1003 2729 1043 2781 re
1061 2705 1269 2790 videbitur,
1302 2699 1481 2801 persuasus
1495 2717 1556 2781 tua
1581 2727 1767 2803 nunquam
1784 2702 1880 2803 apud
1898 2725 1957 2777 me

564 2821 674 2896 nimia
700 2815 776 2894 esse.
838 2819 874 2896 Si
901 2843 977 2896 non
1003 2817 1166 2897 assentior
1191 2823 1231 2896 in
1254 2817 1486 2920 quibusdam,
1519 2834 1607 2920 peto
1633 2843 1680 2896 ne
1709 2843 1770 2898 me
1803 2820 1841 2896 id
1873 2842 1958 2920 qua-

564 2935 649 3016 dam
671 2935 796 3034 iudicii
823 2939 1010 3039 iniquitate
1036 2936 1152 3015 facere
1178 2950 1301 3037 putes,
1334 2950 1375 3015 ut
1395 2938 1663 3037 propemodum
1686 2935 1857 3024 insinuas,
1874 2959 1957 3012 curn

561 3056 633 3131 ais:
657 3047 962 3160 ſsequosjudices
978 3079 1080 3160 argere
1100 3053 1278 3148 velimus,
1309 3073 1461 3160 oportere
1484 3074 1526 3133 ur
1539 3049 1651 3155 fieum
1672 3057 1797 3160 cuique
1820 3045 1954 3130 nibua

531 3195 659 3254 ,mus.
719 3171 832 3273 Spero
867 3173 922 3252 Te
955 3173 1199 3274 persensurum
1227 3196 1310 3260 me,
1343 3197 1421 3249 non
1443 3170 1516 3248 sine
1543 3173 1646 3271 gravi
1686 3171 1810 3259 causa,
1853 3169 1956 3249 dubi-

564 3285 647 3366 tasse
675 3288 719 3366 de
740 3291 856 3370 modo
887 3291 1088 3392 explicandi
1112 3291 1200 3368 isius
1228 3293 1382 3366 materiae
1404 3287 1591 3390 gravium.
1653 3285 1954 3376 Asseris,‘s1ssui-

564 3405 654 3482 dum
679 3405 712 3484 A
740 3411 895 3487 incurrat
917 3413 956 3486 in
978 3433 1109 3508 corpus
1136 3407 1168 3486 L
1192 3405 1404 3484 &fluidum
1428 3409 1542 3507 priori
1560 3405 1671 3482 sinrile
1697 3407 1954 3505 &aequivelox

565 3519 594 3598 B
616 3523 772 3599 incurrat
797 3529 836 3601 in
864 3551 995 3627 corpus
1019 3527 1065 3604 M
1094 3524 1228 3625 aequale
1261 3527 1407 3624 corpori
1428 3522 1489 3612 L,
1523 3527 1614 3601 vires
1637 3525 1677 3598 in
1696 3523 1953 3622 corporibusL
2024 3623 2028 3630 Ι

565 3639 603 3714 &
622 3636 667 3714 M
680 3640 880 3738 produiias,
904 3644 983 3720 fore
1006 3657 1047 3722 ut
1072 3639 1337 3742 magnitudines
1358 3639 1553 3720 fluidorum
1570 3639 1602 3718 A
1618 3641 1655 3716 &
1674 3637 1722 3736 B3
1755 3639 1813 3716 ves
1829 3655 1872 3718 ut
1887 3643 1955 3720 tuis

565 3757 806 3853 verbisuta13
837 3757 927 3836 dues
941 3765 1160 3865 quantitates
1168 3755 1369 3860 fluidorum
1382 3757 1666 3862 equeerlocium,
1699 3760 1954 3834 incurrentium

564 3870 683 3950 induo
702 3895 842 3976 corpora
855 3874 1021 3984 aqualia,
1054 3875 1128 3953 illis
1150 3871 1280 3978 inferre
1300 3877 1419 3964 vises,
1438 3873 1617 3981 quaestrnr-
1628 3879 1668 3952 in
1687 3877 1825 3954 ratione
1842 3899 1953 3981 quan·

564 3994 714 4066 titutum
722 3989 932 4090 fluidorum.
987 3981 1099 4072 'Hanc
1125 3991 1411 4094 propositionem
1432 4016 1510 4070 non
1536 3991 1727 4080 concedo,
1758 4015 1828 4068 nec
1848 3993 1952 4070 video

563 4106 754 4205 quomodo
784 4131 847 4206 per
872 4107 1124 4210 repetitionem
1153 4111 1343 4190 effectuum
1364 4135 1384 4188 a
1406 4133 1466 4186 me
1483 4107 1679 4186 adhibitam
1703 4111 1740 4185 &
1771 4133 1955 4188 commen-

497 4265 503 4272 ·
563 4222 682 4300 datam
715 4223 948 4303 demonstrari
986 4228 1099 4326 poffit.
1161 4226 1206 4308 Et
1228 4230 1380 4330 reperies
1404 4227 1622 4304 contrarimn
1661 4229 1892 4325 contingere,
1929 4225 1955 4304 si

560 4339 593 4418 Λ
617 4340 701 4420 &B
730 4365 807 4416 non
835 4340 945 4418 fluida
970 4341 1060 4430 first,
1093 4342 1153 4418 sed
1175 4344 1310 4437 solida3
1340 4345 1425 4421 licet
1443 4366 1597 4443 corpora
1623 4346 1829 4444 recipientia
1853 4343 1884 4424 L
1916 4345 1950 4419 δι

557 4455 604 4536 rii
624 4461 732 4538 ambo
751 4457 927 4560 quiescere
948 4458 1203 4560 intelligantur.
1264 4459 1310 4540 Et
1336 4460 1453 4542 musto
1477 4463 1679 4544 minueres
1699 4459 1891 4547 succedet,
1924 4457 1950 4536 sr

1854 4575 1951 4658 diffe-
