4292 5530
274 280 616 376 'trrnntrrr
647 296 718 368 nu
749 293 1152 408 naauouttrr,
1185 297 1342 376 narse.
1369 295 1488 380 xrtn
1543 306 1618 397 rar
1669 389 1671 394 ,

225 423 257 530 ἰ’
282 459 380 544 Cum
411 459 543 540 Cursor
567 459 734 562 publicus
763 454 921 548 abiisset,
953 472 1036 536 ante
1062 459 1124 537 has
1151 461 1356 560 expeditas,
1388 436 1512 568 atque*
1526 467 1637 546 adeo‘
1668 455 1765 544 1696

217 591 367 680 tempus
389 578 507 658 adhuc
537 575 742 678 superesset3
773 577 948 656 nonnulla
967 577 1214 678 subjungenda
1239 585 1385 678 putavi,
1418 606 1560 687 nequa
1581 588 1621 663 in
1665 555 1806 652 Januar,

102 781 106 788 ,
221 723 263 778 re
281 697 369 778 Tibi
396 695 588 774 satisfacere
612 694 859 796 negligerem„
907 693 952 774 Et
971 695 1119 798 quidem
1149 703 1244 773 circa
1278 697 1621 782 demonstrationem
1812 687 1824 706 ’

220 839 344 896 meam
364 837 411 893 ex
432 816 615 916 principiis
636 816 759 913 primis
782 818 954 914 petitam,
986 827 1115 892 notatu
1137 812 1291 914 dignum
1319 817 1393 906 est,
1425 819 1463 895 da
1494 814 1621 922 impri-

226 938 302 1013 mit
331 931 593 1024 memorabile,
627 930 712 1010 hinc
745 931 842 1032 sequi
866 955 986 1008 revera
1013 930 1182 1010 eamdem
1214 930 1351 1033 semper
1386 938 1620 1035 quantitatem

222 1053 384 1134 aaronis
406 1053 568 1128 motricis
598 1047 769 1128 absolutae
801 1049 1021 1144 conservari3
1052 1049 1112 1126 sed
1142 1051 1181 1126 in
1208 1073 1253 1126 eo
1275 1048 1376 1129 suisle
1393 1069 1621 1152 peccatuma

224 1167 512 1256 Cauensro,
545 1165 647 1269 quod
666 1189 747 1262 eam
775 1189 853 1246 non
869 1165 961 1244 reste
980 1169 1138 1267 aceepit,
1172 1169 1398 1261 &cum-ea,
1431 1193 1620 1270 quamro-

222 1301 284 1366 cat
298 1288 493 1388 quantitate
518 1283 640 1364 motus
661 1284 848 1373 confodit,
880 1285 1084 1386 praejudicia
1104 1299 1245 1386 recepta
1267 1285 1415 1366 secutus.
1476 1287 1623 1368 Deinde

223 1399 411 1484 sciendum
443 1405 527 1493 est,
572 1427 593 1480 a
618 1425 678 1482 mc
708 1401 880 1501 distingui
906 1405 981 1478 vim
1011 1400 1207 1480 absolutam
1234 1428 1254 1479 a
1283 1403 1474 1492 dindima,
1509 1429 1624 1508 quan-

224 1545 335 1626 quam
356 1523 395 1599 ἀ
416 1509 623 1598 diresiivam
656 1543 702 1596 ex
728 1517 802 1597 sola
822 1516 1104 1604 consideratione
1129 1522 1301 1618 potentiae
1319 1520 1486 1601 absolutae
1509 1525 1622 1604 dedu-

224 1663 309 1720 cere
332 1639 370 1716 dt
401 1639 644 1718 demonstrare
675 1633 814 1738 possm.
877 1632 922 1714 Et
954 1635 1101 1736 quidem
1137 1637 1345 1716 demonstro
1371 1663 1449 1720 non
1479 1654 1622 1720 tantum

226 1758 392 1838 eamdem
410 1756 608 1834 conservari
631 1757 708 1832 vim
729 1753 946 1840 absolutam,
963 1753 1021 1832 seu
1043 1755 1278 1854 quantitatem
1297 1756 1443 1835 astionis
1461 1761 1500 1835 in
1515 1784 1623 1838 mun-

227 1875 305 1966 do,
337 1874 396 1953 sed
427 1877 536 1952 etiam
566 1872 732 1950 eamdem
763 1873 838 1949 vim
864 1869 1094 1958 diredivam,
1127 1871 1363 1974 eamdemque
1387 1879 1623 1976 quantitatem

227 1992 433 2072 diredionis
458 1991 503 2068 ad
532 1990 672 2070 easdem
692 2003 831 2091 partes,
863 1988 923 2068 seu
948 1988 1112 2068 eamdem
1133 1992 1369 2100 quantitatem
1395 1991 1620 2094 progressus,

182 2203 187 2212 ,
225 2109 287 2189 bd
309 2104 496 2212 progressu
525 2113 564 2186 in
593 2109 753 2210 partibus
778 2119 1012 2208 computato,
1043 2105 1150 2186 dusta
1175 2106 1353 2187 celeritate
1382 2113 1421 2186 in
1447 2110 1584 2192 molem
1607 2167 1620 2203 ,

225 2251 306 2310 non
326 2225 501 2330 quadrato
522 2226 719 2306 celeritatis
779 2223 868 2304 Haec
890 2239 1012 2302 tamen
1022 2227 1199 2325 quantitas
1217 2224 1419 2328 progressus
1439 2231 1477 2306 in
1496 2253 1540 2307 eo
1555 2227 1624 2308 dif-

225 2345 345 2424 ferta
379 2348 575 2445 quantitate
613 2361 761 2434 motus,
807 2342 910 2446 quod
949 2341 1092 2422 duobus
1118 2345 1332 2443 corporibus
1355 2348 1394 2422 in
1429 2351 1623 2426 contrarias
1657 2341 1659 2346 ’

226 2481 345 2566 partes
366 2463 596 2543 tendentibus
618 2487 686 2562 pro
709 2460 873 2539 habenda
896 2462 1092 2560 quantitate
1119 2476 1241 2538 motus
1259 2461 1362 2540 totali
1377 2459 1510 2562 [sensu
1529 2457 1621 2543 Car·

228 2577 389 2683 resim]
416 2581 550 2676 debent
582 2579 666 2658 addi
686 2582 897 2681 quantitates
917 2592 1039 2656 motus
1067 2575 1347 2678 smgulorums
1369 2578 1429 2658 seu
1462 2581 1550 2660 fasta
1576 2604 1623 2660 ex
1687 2675 1691 2678 ,

227 2699 463 2778 celeritatem
486 2697 621 2776 molem
637 2694 683 2800 ];
713 2695 772 2774 sed
800 2720 869 2799 pro
893 2695 1056 2773 habenda
1084 2697 1280 2800 quantitate
1308 2695 1530 2797 progressus,
1560 2697 1623 2778 de.

222 2817 317 2914 =bent
343 2843 364 2894 a
387 2817 422 2895 se
445 2818 602 2894 invicem
624 2815 793 2910 detrahl3
822 2813 1023 2926 differentia
1044 2814 1142 2892 enim
1163 2819 1405 2916 quantitatum
1432 2829 1557 2896 motus
1582 2821 1622 2896 iu
1704 2845 1708 2852 ’

225 2936 290 3014 tali
314 2934 395 3015 caso
423 2937 490 3012 erit
517 2937 692 3036 quantitas
717 2927 927 3034 progressus
987 2931 1110 3033 ltaque
1136 2955 1222 3011 cum
1252 2933 1529 3013 Cauaasrus
1548 2961 1622 3038 ¹pu·

228 3057 311 3132 tarit
329 3053 364 3131 se
381 3053 417 3130 se
443 3055 492 3128 ita
514 3049 611 3152 posse
633 3051 762 3130 salvare
782 3052 960 3128 astionem
988 3053 1114 3128 anirnae
1131 3049 1171 3126 in
1193 3073 1342 3152 corpus,
1376 3052 1478 3152 quod
1504 3057 1622 3132 anima

230 3169 378 3272 quidem
407 3195 484 3248 non
513 3186 664 3270 augeat,
704 3168 764 3246 vel
789 3171 927 3246 minuat
978 3171 1213 3268 quantitatem
1246 3183 1368 3246 motus
1397 3172 1435 3244 in
1457 3170 1630 3264 mundo;·

230 3301 358 3388 augeat
389 3301 531 3376 nmen,
563 3285 621 3366 vel
651 3289 789 3365 minuat
818 3289 1053 3388 quantitatem
1079 3286 1282 3363 diresiionis
1313 3285 1527 3386 spirituum3
1547 3286 1624 3392 sap-

228 3405 285 3486 sus
302 3408 352 3500 ,est
370 3409 598 3506 ignoratione
626 3404 733 3503 hujus
754 3404 843 3506 legis
861 3405 988 3482 nosirae
1014 3425 1120 3480 novae
1144 3402 1190 3480 de
1221 3397 1460 3482 conservanda
1483 3408 1624 3506 quanti·

203 3511 206 3516 ’
230 3537 302 3600 tate
321 3524 545 3624 direslionis,
578 3547 658 3623 quae
683 3547 762 3600 non
788 3525 908 3600 minus
933 3519 1083 3621 pulchra
1101 3522 1150 3598 est
1179 3521 1216 3596 &
1243 3515 1481 3611 inviolabilia,
1514 3547 1624 3624 quam

233 3639 452 3720 conservatio
480 3643 621 3720 virtutis
645 3640 703 3718 vel
737 3639 884 3718 astionis
914 3637 1090 3716 absolutae
1150 3635 1240 3716 Haec
1265 3653 1385 3718 autem
1413 3639 1473 3717 lex
1510 3643 1625 3720 direc-

231 3759 367 3847 tionis,
398 3759 457 3836 vel
485 3761 606 3860 potius
632 3757 843 3838 consestaria
874 3759 977 3854 ejus,
1011 3759 1103 3832 miro
1133 3753 1305 3857 decepere
1330 3755 1518 3858 plerosque
1530 3783 1543 3854 3
1582 3772 1626 3838 ut

231 3875 393 3954 ridentes
411 3877 465 3954 ibi
486 3875 611 3954 locum
633 3874 763 3952 babere
781 3875 1049 3953 aestimationem
1074 3895 1119 3950 ex
1139 3871 1248 3952 duelu
1270 3873 1455 3952 celeritatis
1482 3879 1521 3955 in
1545 3895 1627 3956 mo·

230 3993 327 4084 lena,
359 3995 495 4095 tabique
511 3992 565 4072 illi
592 3993 719 4074 locum
737 3991 917 4079 facerent,
951 3993 1066 4096 etiarn
1085 4014 1169 4067 cum
1192 3992 1309 4090 agitur
1332 3992 1377 4068 de
1396 3995 1433 4070 vi
1454 3993 1623 4074 absoluta.

230 4107 400 4213 Exempli
420 4109 548 4200 causa,
580 4111 833 4213 experimentis
853 4109 1032 4190 constitit,
1064 4104 1091 4182 si
1113 4107 1188 4185 duo
1211 4107 1314 4208 globi
1328 4109 1432 4200 duri,
1465 4109 1627 4192 seuElas·
1729 4150 1732 4166 1

231 4231 324 4318 tici,
356 4227 390 4309 A
411 4227 521 4329 89ss,
552 4229 684 4308 diretta
704 4229 742 4306 dt
759 4224 960 4306 centraliter
978 4239 1195 4304 concurrant
1211 4225 1303 4306 inter
1324 4223 1624 4324 se‘celeritatibus,

233 4369 315 4448 qua
333 4345 401 4445 fint
422 4349 607 4448 reciproce
630 4342 919 4450 proportionales
943 4344 1179 4443 corporibus3
1210 4368 1273 4422 eos
1294 4342 1329 4424 se
1352 4361 1483 4427 mutuo
1512 4347 1629 4450 repel-

230 4463 338 4560 lere,
368 4468 419 4548 ita
435 4479 479 4547 ut
501 4465 612 4548 ambo
639 4465 786 4548 redeant
811 4485 857 4543 ex
875 4468 946 4566 qua
960 4485 1091 4544 amere
1111 4460 1299 4544 celeritate.
1358 4461 1476 4564 Huius
1498 4469 1548 4540 rei
1565 4489 1629 4542 ne-

920 4579 971 4676 Q
1022 4599 1043 4672 a
1499 4579 1632 4672 ceno,
