4222 5534
541 345 615 418 300
712 286 1783 420 conmanerorrarrsrorrcorr,

399 484 497 583 1‘597
541 517 606 530 ·--
640 501 675 554 r.
752 475 837 555 Hoc
870 476 985 554 modo
1012 478 1098 572 licet
1120 478 1325 556 construere
1355 497 1501 552 curvam
1515 498 1527 568 ;
1558 471 1618 549 sed
1647 470 1774 551 sufficit
1799 470 1944 552 dedisse

402 593 482 687 Jun.
540 597 780 696 aequationem
798 590 953 699 y==so
968 592 1040 684 dt,
1074 619 1154 696 quae
1178 609 1339 674 naturam
1363 617 1483 670 curvae
1506 589 1729 668 determinat

599 711 789 790 Coeterum
808 691 976 790 notabilis
998 713 1104 812 hujus
1129 737 1247 790 curvae
1278 713 1503 813 proprietas,
1533 709 1587 786 est
1615 708 1718 810 quod
1743 707 1807 786 Fs
1821 733 1831 786 w:
1863 707 1943 788 FR

540 858 607 896 =
635 838 677 920 o:
713 823 757 908 T.
792 831 1131 933 quomodocunque
1163 830 1314 909 demum
1350 821 1392 906 Τ
1411 830 1637 929 concipiatur
1666 824 1886 928 composita,
1899 825 1941 902 si-

540 970 586 1022 ve
627 971 711 1025 arcu
744 946 834 1036 BF,
867 946 937 1024 five
957 973 1003 1026 ex
1032 949 1205 1051 applicata
1240 946 1311 1027 PF
1320 1006 1331 1038 ,
1364 945 1436 1024 save
1470 970 1516 1026 ex
1552 959 1712 1046 unoque
1735 942 1863 1031 srmul,
1889 941 1941 1021 'fic

513 1067 662 1164 ‘itaque
721 1063 909 1144 Circulum
942 1065 1183 1146 osculatorem
1200 1065 1308 1165 huius
1339 1088 1459 1146 curvae
1491 1060 1748 1164 generalissime
1775 1060 1948 1138 determi-'

540 1205 635 1258 navr.

562 1331 567 1340 ·
605 1299 696 1376 Non
725 1299 900 1402 estquod
925 1289 1101 1400 judicium
1122 1325 1249 1380 meum
1273 1316 1372 1402 petas
1395 1299 1442 1378 de
1465 1288 1844 1404 Animadverſsom'bus
1854 1296 1940 1375 Tuis

541 1417 588 1494 ad
617 1417 945 1515 Crarrsruru,
978 1445 1063 1498 cum
1094 1425 1191 1498 enim
1206 1424 1360 1496 maxima
1380 1443 1460 1520 pars
1478 1417 1633 1496 versetur
1663 1423 1758 1498 circa
1784 1428 1937 1502 motum,

436 1585 438 1590 -
536 1529 718 1638 judicium
748 1536 849 1638 quod
873 1538 1003 1615 ferrem
1021 1544 1189 1640 ignorare
1213 1562 1289 1614 non
1311 1535 1470 1642 poteris:
1499 1536 1609 1614 babes
1642 1541 1741 1614 enim
1774 1529 1941 1614 assensum

542 1677 667 1730 meum
695 1657 734 1732 in
754 1657 1019 1758 omnibusque
1044 1661 1137 1738 circa
1156 1669 1299 1733 motum
1328 1655 1364 1734 C
1374 1677 1592 1732 aurrsro.
1617 1655 1785 1757 opponis
1852 1650 1940 1730 Cor·

542 1773 620 1848 rexi
636 1773 673 1847 in
698 1775 874 1876 aliquibus
897 1775 987 1852 locis
1007 1799 1143 1853 errores
1166 1774 1315 1861 calami,
1349 1776 1413 1875 qui
1434 1772 1572 1850 sensum
1597 1775 1809 1858 turbabant,
1842 1765 1939 1872 quo'd

543 1912 622 1966 non
654 1913 749 1991 aegre
776 1893 885 1986 seres3
918 1897 1041 1970 notavi
1057 1895 1164 1970 etiam
1188 1896 1227 1969 in
1246 1897 1434 1992 margine,
1467 1915 1513 1968 ne
1537 1889 1667 1968 Ledor
1710 1885 1935 1972 offendatur,

462 2084 467 2092 .
541 2007 646 2109 quod
695 1999 912 2087 recensendo
951 2005 1128 2115 Regulam
1165 2011 1283 2091 Vllam
1322 2009 1569 2088 Canrrsrr
1612 2007 1751 2087 sensum
1787 2008 1937 2082 omnino

544 2129 767 2205 contrarium
791 2125 857 2227 ipsr
881 2129 1106 2218 attribuetis,
1139 2131 1241 2230 quod
1264 2146 1384 2207 tamen
1416 2125 1654 2205 nihilominus
1686 2125 1813 2203 falsitas
1837 2121 1938 2219 hujus

544 2241 692 2342 Regula
723 2269 768 2322 ex
786 2245 871 2324 Tuo
903 2249 1114 2338 ratiocini0,
1148 2251 1291 2326 mutatis
1314 2243 1518 2333 mutandis,
1551 2244 1789 2322 demonstrari
1826 2237 1936 2341 polbt

542 2359 662 2440 Placet
690 2363 815 2442 Tuum
840 2367 1023 2443 criterium
1052 2390 1122 2470 pru
1148 2363 1391 2443 examinandis
1419 2360 1567 2462 Regulis
1605 2379 1796 2448 motuum,
1842 2354 1939 2458 quod

542 2478 663 2580 legem
690 2485 936 2560 continuitatis
953 2507 1081 2579 vocas;
1113 2486 1163 2561 est
1182 2487 1279 2560 enim
1307 2505 1373 2583 pet
1399 2479 1434 2556 se
1460 2480 1623 2568 evidens,
1656 2481 1694 2556 &
1724 2478 1858 2555 reluta
1880 2499 1938 2551 na-

543 2613 623 2675 tura
648 2599 754 2674 nobis
777 2598 954 2689 inditum,
986 2600 1089 2701 quod
1123 2601 1352 2679 evanescente
1380 2599 1616 2700 inaequalitate
1649 2593 1935 2698 hypothemisa,

542 2713 749 2793 evanescere
762 2740 921 2818 quoque
963 2718 1091 2796 debeat
1114 2719 1331 2820 inaequalitas
1367 2731 1572 2795 eventuum
1633 2713 1732 2794 Hinc
1758 2712 1938 2791 multoties

543 2857 622 2910 non
651 2831 728 2910 satis
756 2837 878 2912 mirati
895 2840 1026 2936 potui,
1048 2837 1121 2937 qul
1141 2836 1216 2914 fieri
1244 2837 1429 2937 potuerit,
1461 2850 1504 2912 ut
1530 2847 1605 2910 man
1622 2837 1939 2931 incongruentem

543 2950 710 3042 absonas,
745 2955 783 3028 dc
813 2967 888 3030 tarn
907 2955 1089 3032 manifeste
1103 2959 1196 3031 inter
1221 2954 1255 3033 se
1279 2965 1480 3055 pugnantes
1503 2952 1684 3056 Regulus,
1717 2963 1864 3053 excepta
1885 2945 1940 3021 so-

544 3069 577 3144 la
590 3073 728 3170 prima,
746 3063 906 3172 potuerit
925 3072 1082 3149 condere
1107 3073 1172 3152 Cn
1185 3093 1411 3158 arastus,
1442 3069 1511 3147 Vir
1531 3071 1614 3147 alias
1642 3070 1774 3150 summi
1804 3063 1934 3166 judicii.

543 3185 641 3265 Mihi
689 3189 830 3268 videtur
877 3189 935 3266 vel
965 3191 1010 3266 ab
1038 3189 1184 3268 infante
1229 3188 1413 3266 salsrtatem
1448 3187 1590 3268 illarum
1628 3186 1764 3290 palpari
1801 3180 1934 3286 polle,

542 3305 706 3408 eoquod
730 3309 865 3410 ubique
888 3307 993 3386 saltus
1012 3307 1096 3398 ille,
1128 3322 1264 3386 naturae
1283 3306 1373 3384 adeo
1396 3307 1584 3395 inimicus,
1616 3305 1800 3404 manifeste
1834 3303 1938 3379 nimis

543 3422 669 3502 elucet.
731 3423 871 3504 Modus
905 3425 1009 3521 Tuus
1049 3425 1252 3528 explicandi
1282 3425 1451 3503 duritiem
1484 3435 1683 3528 corporum
1716 3447 1782 3526 per
1797 3435 1940 3500 motum

543 3541 807 3643 conspirantem
825 3543 1082 3654 particularum
1105 3543 1375 3646 peringeniosus
1407 3541 1476 3638 est;
1508 3544 1627 3622 ellecit
1661 3557 1702 3621 ut
1735 3539 1938 3618 recordarer

542 3657 827 3757 speculationum
860 3685 1046 3752 mearum,
1080 3687 1165 3764 quas
1195 3675 1276 3739 ante
1300 3661 1440 3762 aliquot
1472 3685 1609 3751 annos,
1642 3657 1876 3755 ambulando¹
1901 3661 1941 3734 in

542 3773 654 3852 horto
685 3775 802 3878 Regio
830 3773 1022 3880 Versaeliis‚
1069 3779 1264 3859 habueram
1294 3781 1387 3857 circe
1412 3779 1521 3876 jaous
1554 3781 1591 3856 dc
1615 3776 1710 3858 lusus
1733 3801 1936 3880 aquarum,

544 3900 703 3992 quorum
726 3893 835 3998 aliqui
860 3897 950 3975 adeo
974 3897 1127 4000 persesle
1160 3897 1454 3998 repraesentabant
1484 3897 1562 3976 vase
1591 3897 1809 3976 diversarum
1851 3895 1940 3994 figu-

542 4033 689 4100 rarum,
720 4029 762 4091 ut
799 4015 861 4094 illa
884 4039 929 4094 ex
957 4021 1134 4096 continuo
1158 4020 1254 4096 vitro
1271 4015 1386 4095 solido
1421 4016 1459 4093 δι
1496 4014 1770 4118 pellucidissrmo
1811 4011 1942 4092 confla-

543 4139 578 4206 ta
608 4115 745 4207 dixisses
758 4159 769 4226 3
812 4135 870 4211 sed
900 4133 1046 4213 admota
1073 4159 1207 4222 ,manu
1255 4137 1295 4212 in
1334 4134 1432 4214 mille
1461 4150 1579 4235 guttas
1615 4133 1939 4236 dispergebantur,

545 4271 616 4348 qua
646 4265 784 4326 remota
809 4251 943 4327 dietum
963 4251 1096 4329 fastum
1125 4254 1309 4352 pristinam
1333 4251 1486 4352 liguram
1501 4252 1709 4333 induebant.
1741 4253 1943 4332 Sentiebam

543 4379 665 4442 tamen
689 4363 937 4446 difficultatem
966 4369 1121 4468 aliquam
1145 4371 1181 4445 &
1205 4369 1299 4470 quasa
1317 4369 1544 4449 resrstentiam
1568 4375 1606 4448 in
1644 4371 1872 4450 disturbanda
1904 4365 1944 4442 fi-

542 4507 634 4584 gura
665 4486 758 4566 vasrs.
800 4485 899 4568 Hinc
925 4485 1083 4586 cogitare
1108 4489 1198 4588 capi
1222 4487 1247 4564 s1
1277 4514 1347 4591 qua
1371 4505 1445 4570 arte
1478 4513 1579 4592 aquae
1608 4487 1744 4570 salienti
1775 4489 1944 4568 velocitas

1830 4603 1948 4686 reddi.
