4266 5534
581 303 651 374 192
761 287 1823 380 connunctumnntntoutcun‚

412 449 510 532 1696
574 435 732 538 Legibus
757 437 912 516 Nature.
959 433 1199 516 Conditorem
1223 437 1357 515 Mundi
1376 462 1453 516 non
1478 434 1630 537 potuisse
1650 435 1758 514 aliam·
1781 439 1972 540 obliquita-

399 543 535 641 August
575 569 647 631 tem
671 553 863 655 Eclyptieae
886 553 1006 632 Terrae
1025 549 1187 642 efficere,
1209 579 1317 657 quam
1336 581 1415 657 quae
1443 559 1491 632 ita
1513 553 1576 642 stt,
1598 568 1640 632 ut
1660 555 1788 634 Secans
1812 558 1971 658 comple-

572 674 686 750 menti
710 672 752 749 fit
783 669 993 778 exactissime
1021 670 1138 748 media
1161 673 1443 772 proportionalis
1465 677 1558 748 inter
1578 672 1719 751 radium
1745 677 1784 750 &
1808 675 1972 774 periphe-

570 793 669 867 riam.
717 788 856 868 Verum
874 787 956 868 talia
986 787 1220 866 demonstrari
1244 787 1342 889 posse
1365 793 1585 890 geometrice
1612 791 1657 866 ab
1683 789 1845 868 humano
1873 794 1971 890 ingo-

570 911 634 983 nio
663 931 740 984 non
760 923 861 1006 puto.
924 905 1042 984 Restat
1062 906 1204 1006 itaque,
1238 921 1279 984 ut
1310 907 1470 986 dicamus
1491 906 1698 984 Dominum
1721 907 1804 986 -Ho
1820 933 1842 983 ι
1858 933 1970 984 nnu-

570 1041 748 1102 onnon
768 1045 792 1099 a
814 1017 995 1128 posteriori
1024 1045 1101 1099 rem
1131 1021 1332 1123 aggressum
1359 1023 1450 1112 esse,
1484 1026 1521 1099 &
1555 1024 1728 1101 tentando
1756 1025 1878 1124 plures
1904 1025 1970 1102 Re-

570 1121 670 1238 gulas
700 1141 844 1218 tandem
865 1133 904 1215 in
926 1141 1082 1242 aliquam
1108 1138 1289 1229 incidisse,
1323 1159 1402 1242 quoe
1425 1165 1510 1218 cum
1524 1141 1830 1220 observationibus
1848 1165 1969 1242 quam-

568 1260 735 1356 proxime
764 1257 949 1334 consentit.
1010 1255 1080 1334 Sed
1110 1257 1136 1333 fi
1170 1259 1243 1336 hoc
1275 1259 1347 1347 est,
1392 1262 1471 1360 quis
1501 1262 1627 1357 genius
1658 1257 1763 1334 illum
1792 1259 1898 1336 duint
1926 1259 1969 1336 ad

569 1360 797 1454 sumendum
810 1362 973 1452 medium
1014 1375 1290 1479 proportionale
1322 1379 1415 1453 inter
1455 1376 1596 1454 radium
1632 1376 1668 1450 δι
1694 1375 1968 1476 peripheriam,

552 1492 615 1596 ‘ud
644 1492 844 1570 habendam
863 1491 1038 1568 secantem
1060 1493 1319 1594 complementi
1344 1492 1567 1598 obliquitatis
1591 1490 1769 1595 quaefitae?
1799 1492 1870 1572 Cur
1889 1517 1967 1572 non

568 1613 689 1710 potius
712 1613 749 1686 in
780 1609 861 1688 alias
888 1606 1016 1688 incidit
1046 1607 1230 1716 Regulus,
1265 1634 1344 1712 quae
1372 1611 1465 1688 sorte
1498 1613 1613 1710 magis
1644 1611 1762 1688 obvie
1785 1607 1927 1690 fuissent
1953 1611 1967 1685 i

568 1722 615 1804 Et
640 1729 688 1802 ita
709 1730 749 1804 in
769 1727 852 1805 aliis.
1653 1717 1660 1744 *

628 1842 812 1924 Dominus
845 1833 1023 1924 Marcbia
1045 1842 1389 1924 Hosu1unn1us
1415 1847 1506 1924 mihi
1530 1844 1662 1948 scripsit
1689 1905 1700 1936 ,
1733 1843 1767 1923 se
1795 1871 1816 1922 a
1837 1847 1895 1924 Te
1917 1848 1967 1923 in·

570 1960 761 2052 tellexiffe,
795 1987 853 2038 me
883 1965 922 2036 in
944 1961 1041 2038 Tuas
1066 1976 1182 2062 partes
1203 1961 1368 2042 transisse
1395 1969 1488 2042 eirca
1518 1967 1789 2041 aestimationem
1815 1966 1964 2040 virium:

573 2091 619 2154 an
641 2103 767 2159 verum
797 2078 871 2156 fit?
902 2079 935 2156 se
956 2081 1052 2154 enim
1080 2101 1157 2156 nou
1181 2079 1281 2184 posse
1307 2081 1475 2168 credere,
1508 2081 1610 2182 quod
1637 2103 1874 2190 communem
1897 2079 1966 2155 sen-

501 2189 506 2202 '
573 2200 721 2272 tentiam
740 2195 967 2274 deseruerint
1022 2193 1217 2302 Rescripst,
1251 2202 1326 2276 imo
1346 2202 1503 2274 maxime
1519 2222 1646 2274 verum
1667 2195 1756 2304 effe„
1789 2201 1826 2275 &
1854 2196 1965 2274 obtuli

570 2310 666 2412 ipsi,
699 2312 858 2403 fivelit‚
893 2326 1058 2414 excerpta
1076 2314 1241 2413 quaedam
1268 2339 1313 2392 ex
1343 2318 1477 2392 mutuis
1499 2316 1626 2417 nostris
1650 2316 1796 2404 litteris,
1827 2329 1870 2392 ut
1895 2315 1965 2415 ple-

555 2453 619 2505 fne
642 2429 761 2507 videat
779 2435 934 2510 rationes
953 2455 1032 2531 quae
1059 2453 1119 2507 me
1147 2457 1192 2508 eo
1218 2431 1429 2531 adigerent:
1465 2457 1525 2510 me
1551 2457 1628 2511 non
1649 2433 1843 2520 dubitare,
1883 2432 1965 2536 quin

571 2548 689 2624 fiillas
711 2547 801 2656 serio
814 2549 856 2626 fit
874 2548 1129 2654 perpensurus,
1145 2571 1295 2628 mecum
1317 2549 1377 2626 fiat
1401 2551 1608 2650 transfuga,
1628 2551 1665 2627 δι
1688 2571 1876 2656 erroneum
1893 2569 1965 2650 pet·

571 2684 647 2748 tem
676 2667 860 2769 relinquat
921 2661 1047 2756 Hisce,
1081 2662 1172 2744 Vule
1200 2667 1238 2744 δι
1266 2665 1386 2756 Faue,

1274 2900 1391 3004 Ampl.
1424 2899 1513 2981 Tuae

591 3181 594 3187 ,
671 3139 833 3230 Groungae
860 3149 915 3226 15.
937 3129 1075 3264 Auguit.
1103 3137 1211 3230 1696.

1381 3347 1476 3428 Ded.
1504 3346 1536 3452 J.
1566 3343 1882 3432 Btnuounnn
