4266 5534
283 327 590 411 zrrnurrrr
622 325 694 402 rr
721 321 1134 417 trancosum,
1156 315 1321 396 arur.
1343 291 1483 403 anot(
1507 327 1607 413 ³183

244 468 450 559 Caltemm,
482 473 548 552 ubi
574 470 763 549 solutionis
797 467 1138 566 comprobationem
1163 463 1268 543 edere
1302 462 1361 542 vel
1389 469 1598 546 communi·
1645 481 1742 570 1693

184 611 270 670 care
288 587 464 690 placebit,
497 588 662 668 suaserim
686 592 780 666 viam
801 585 902 666 illam
925 583 1116 670 direilam,
1143 595 1259 682 quam
1281 605 1407 673 vocas,
1439 583 1499 662 seu
1516 583 1597 685 pos-
1647 583 1719 676 'Jul

164 711 382 797 seriorem,
416 729 493 784 non
524 707 582 786 edi
594 733 607 802 3
638 692 661 760 ⁴⁶
690 729 778 784 cum
801 709 902 806 prior
919 700 1067 784 sufficiat
1093 698 1138 782 ad
1165 699 1529 795 demonstrationem,
1557 705 1595 780 &

182 825 406 924 posterior,
439 839 567 924 praeter
594 821 866 912 necessitatem,
917 823 993 900 aliis
1025 833 1107 900 ante
1136 833 1281 917 tempus
1318 821 1413 896 viana
1450 818 1592 920 aperiat.

186 941 334 1022 Praestat
364 944 487 1031 enim,
522 956 696 1042 utputo,
730 941 902 1020 nonnihil
933 939 1051 1020 adhuc
1071 934 1251 1038 suspensos
1272 935 1361 1014 alios
1383 943 1520 1026 teneri,
1553 953 1595 1017 ut

196 1059 257 1138 vel
276 1057 341 1159 ipss
364 1062 548 1138 inveniant
568 1058 703 1160 aliquid
727 1055 909 1138 fortassee
931 1058 1058 1136 nostris
1080 1053 1291 1144 diversum,
1324 1055 1425 1158 quod
1451 1057 1596 1156 augebit

57 1202 62 1210 ·
195 1175 408 1270 scientiam3
440 1177 499 1253 vel
525 1176 743 1277 agnoscant,
776 1199 855 1254 non
888 1173 956 1256 esse
989 1173 1067 1252 haec
1093 1187 1168 1251 tam
1192 1171 1327 1262 facilia,
1346 1191 1351 1199 '
1368 1187 1411 1252 ut
1448 1173 1597 1272 quidem

199 1307 358 1396 putant,
391 1317 508 1395 eoque
522 1295 729 1392 diligentius
753 1292 815 1372 has
828 1291 1024 1372 methodos
1042 1291 1237 1393 aliquando
1256 1291 1483 1369 meditentur.
1516 1291 1598 1368 ille-

198 1410 336 1490 rhodus
361 1435 440 1488 mea
466 1410 672 1488 nonnihila
697 1409 777 1489 Tua
803 1409 938 1488 diversa
962 1412 1035 1497 est,
1068 1408 1128 1486 sed
1155 1425 1275 1486 tamen
1305 1410 1434 1486 eodem
1460 1407 1594 1500 duxit,
1676 1443 1680 1450 κ

200 1551 313 1630 quam
334 1542 375 1608 ut
407 1552 551 1631 aequum
574 1529 642 1616 est,
677 1529 714 1604 δι
734 1541 777 1606 ut
805 1527 892 1607 Tuo
918 1525 1066 1608 candori
1101 1531 1178 1627 pari
1210 1529 1430 1627 ingenuitate
1454 1527 1600 1629 respon-

202 1645 328 1736 deam,
360 1645 408 1724 fic
425 1649 547 1747 paucis
573 1645 719 1726 habeto.
1642 1745 1646 1752 ¹

264 1765 484 1865 Concipiens
511 1762 642 1841 scilicet
663 1787 732 1865 pro
753 1765 863 1844 curm
882 1761 1116 1864 Polygonum
1142 1762 1434 1864 irrsirritangulum
1451 1785 1463 1858 3
1493 1763 1601 1840 video

205 1879 247 1962 id
281 1881 371 1968 sore
391 1884 558 1960 omnium
590 1881 810 1982 poffibilirun
838 1882 1000 1960 facillimi
1032 1881 1239 1971 descensus,
1279 1881 1455 1960 srsumtis
1489 1885 1527 1957 in
1558 1903 1602 1956 eo
1711 1879 1713 1884 ’

203 1991 323 2104 (Fig.
340 1999 444 2100 43.)
468 2003 582 2114 tribus
603 2001 743 2099 punitis
764 1999 821 2077 vel
842 1999 981 2100 angulis
1008 1999 1281 2102 quibuscunque
1303 1999 1354 2087 A,
1386 1999 1449 2088 Β,-
1472 1998 1531 2090 C,
1563 1999 1605 2076 srt
1626 2011 1772 2102 Tuuvlt,

204 2117 382 2218 punitum
404 2115 432 2196 B
454 2117 554 2208 tale,
586 2131 627 2195 ut
648 2121 816 2197 omnium
838 2117 1057 2218 punitorum
1074 2121 1112 2193 iu
1139 2119 1232 2194 resta
1252 2115 1329 2196 DE
1361 2117 1601 2208 horizontali,

204 2231 283 2311 hoc
303 2258 419 2320 unum
442 2235 503 2312 det
535 2237 628 2316 viam
645 2237 690 2314 ab
713 2237 745 2314 A
767 2236 813 2314 ad
835 2236 867 2313 C
893 2235 1111 2312 facillimam.
1173 2235 1243 2314 Res
1264 2257 1353 2336 ergo
1373 2236 1466 2312 redit
1487 2235 1532 2312 ad
1553 2235 1608 2312 so·
1672 2329 1673 2337 ἵ

204 2347 389 2430 lutionern
410 2351 643 2430 Problematis
675 2353 811 2434 facilis:
837 2353 948 2432 'Datis
978 2355 1122 2431 duobus
1147 2354 1288 2454 punitis
1315 2355 1380 2444 A,
1415 2356 1451 2430 &
1477 2351 1537 2442 C,
1570 2357 1609 2431 δι

206 2469 304 2548 teda
329 2470 548 2550 horizontali
572 2475 726 2550 interea
747 2472 895 2552 cadente
916 2468 1013 2558 DE,
1046 2473 1207 2549 invenire
1226 2475 1266 2548 in
1293 2471 1360 2550 huc
1383 2471 1474 2549 resta
1494 2495 1608 2569 punc-

210 2601 290 2664 tum
317 2586 345 2666 B
367 2585 460 2677 tale,
493 2604 533 2668 ut
564 2593 620 2666 via
649 2589 765 2669 ABC
795 2587 844 2666 fit·
863 2589 1039 2668 facillima
1102 2587 1176 2666 Ubi
1204 2588 1415 2690 prodeunt,
1449 2613 1530 2689 quae
1565 2593 1607 2665 in

198 2703 404 2785 -novisiimis
426 2705 570 2784 Litteris
587 2710 736 2796 notavi,
770 2701 865 2784 circa
886 2707 1059 2784 elementa
1081 2705 1327 2797 abscissurum,
1349 2708 1604 2794 ordinatarum,

199 2823 251 2900 .&
276 2841 428 2902 arcuum
446 2848 458 2918 ;
490 2823 515 2900 fi
537 2825 669 2902 scilicet
690 2823 828 2902 irrfinite
848 2849 1000 2926 parvum
1019 2829 1111 2901 inter
1134 2826 1264 2925 punua
1291 2826 1342 2912 A,
1375 2825 1422 2912 B,
1455 2823 1506 2910 C,
1540 2848 1608 2923 po·

200 2955 315 3018 ,natur
333 2942 569 3020 intervallum.
630 2943 711 3022 Nec
730 2965 822 3042 opus
848 2944 956 3020 estut
978 2942 1111 3044 aliquid
1136 2941 1228 3020 ultra
1248 2945 1354 3043 apud·
1375 2943 1434 3019 Te·
1452 2941 1604 3029 addam,

213 3059 253 3135 ἀ
269 3058 500 3136 transcribere
523 3059 703 3138 calculum
735 3083 812 3136 non
831 3073 958 3150 vacat,
991 3063 1097 3138 nimis
1124 3060 1296 3138 distntto.
1472 3083 1478 3088 ·
1560 3085 1562 3092 ·

134 3235 147 3242 -
273 3175 387 3254 Mitto
415 3201 497 3254 ecce
519 3177 805 3281 quaeDominus
826 3171 955 3287 Eram
981 3192 1064 3255 tuus
1084 3175 1194 3254 mensr
1220 3172 1314 3269 Iulio
1344 3175 1447 3251 inseri
1470 3178 1607 3253 curavit

215 3295 308 3372 eirca
324 3294 516 3374 Problema
547 3290 795 3374 Beaeunimum
812 3296 998 3374 extensum
1024 3301 1063 3392 Τ,
1095 3310 1137 3374 ut
1161 3309 1284 3384 vocat,
1305 3288 1495 3371 transmissa
1517 3292 1607 3370 mihi

209 3409 362 3492 aDno.
395 3412 732 3503 Msucnunro,
765 3417 849 3514 quia
871 3439 931 3491 me
949 3421 1103 3515 tangu'm
1103 3469 1474 3492 ..........
1514 3409 1608 3488 Vult

208 3529 256 3606 in
277 3530 487 3630 quibusdam
509 3559 529 3610 a
552 3557 612 3610 me
637 3531 841 3620 diss'eutire,
875 3557 1032 3634 quorum
1061 3533 1177 3632 aliqua
1204 3513 1281 3608 non
1310 3529 1388 3608 satis
1410 3527 1604 3627 intellig0,

215 3657 300 3722 tum
322 3651 404 3746 quia
427 3647 550 3748 figurae
574 3650 699 3728 absunt
723 3654 761 3726 in
783 3648 940 3751 hisquae
967 3649 1060 3726 misrt
1088 3647 1204 3726 Dnus.
1238 3647 1605 3735 Msscrrsurus,

204 3775 297 3840 tum
323 3769 427 3843 etiam
444 3771 528 3868 quia
546 3769 714 3845 nondum
735 3763 877 3867 possrun
899 3791 978 3844 rem
1009 3764 1229 3844 considerare
1254 3767 1292 3841 δι
1319 3766 1498 3864 prioribus
1523 3787 1611 3840 con-

155 3965 161 3972 ,
217 3877 317 3960 ferre.
379 3881 431 3958 Ut
473 3907 543 3983 ego
572 3908 650 3960 rem
681 3887 784 3982 capio
812 3884 857 3960 de
883 3885 1023 3983 puntlis
1054 3882 1314 3984 aequidiilanter
1341 3878 1612 3959 assumtibilibus

216 3999 294 4078 n'on
317 3999 459 4082 videtur
482 3999 549 4080 esse
568 3999 766 4082 difficultas.
830 4000 946 4096 Quod
973 3999 1215 4078 deviationem
1236 3999 1346 4078 Navis
1377 4003 1533 4086 attinet,
1566 3998 1617 4076 sa-

1522 4130 1612 4204 teor,

258 4303 276 4340 ⁸
294 4311 406 4370 Prodiit
423 4322 537 4371 tannem
564 4311 611 4370 ΛΟ.
633 4311 710 4392 1718
723 4357 732 4388 ‚
760 4315 792 4370 in
812 4309 874 4370 no.
901 4305 986 4372 Erud.
1015 4305 1097 4372 Febr.
1119 4328 1181 4388 pag,
1205 4307 1264 4386 86,
1294 4309 1429 4372 &silem
1453 4307 1490 4368 de
1512 4303 1618 4367 l’rlcad.

218 4405 284 4468 1³²8·
312 4389 378 4467 ¹35·
403 4395 475 4454 Viae
494 4395 578 4451 etiam
599 4393 675 4473 Opp.
700 4391 785 4454 Tum.
808 4390 854 4454 ll.
873 4389 923 4452 N0.
951 4389 1023 4454 Clll.
1046 4409 1106 4470 pag.
1135 4391 1202 4466 267.

258 4467 357 4542 †Jac,
381 4469 413 4534 B.
436 4474 580 4536 Problema
606 4475 801 4540 beauniauum
833 4470 1018 4553 mioerfirliru
1049 4487 1208 4549 marmenem
1227 4471 1290 4545 &a
1313 4469 1387 4536 Atta
1405 4469 1494 4534 Eruci.
1531 4471 1617 4544 1696.

213 4547 272 4634 Jul.
293 4569 359 4634 pag.
374 4570 449 4636 332.
470 4557 517 4618 vel
533 4554 592 4634 Jac.
616 4555 874 4628 buruouusr
895 4553 971 4636 Opp.
992 4553 1052 4620 No,
1074 4571 1121 4632 72.
1142 4573 1205 4632 pag.
1225 4568 1294 4632 733.
1523 4571 1527 4582 ·
