4184 5526
618 323 621 330 '
638 326 650 338 9

590 298 707 430 sss'
767 299 1260 432 consistorum
1306 345 1832 460 osrsrorrcoor,

457 509 553 596 1697
589 495 658 576 srve
681 500 719 578 id
747 497 806 576 fiat
824 520 888 598 per
914 495 1164 598 quadraturam
1192 491 1526 583 continuam‚,s1ve
1550 519 1614 595 per
1642 489 1886 597 disgregatas3
1915 523 1980 577 nes

443 601 536 680 NON·
589 619 752 718 profesto
790 619 962 713 majorem
994 617 1109 712 capies
1140 612 1296 692 frustum
1323 637 1367 690 ex
1389 637 1489 690 novo
1514 611 1600 690 Tuo
1630 617 1810 711 invent03
1843 617 1976 717 praeser-

588 739 655 812 tim
678 735 703 812 sr
730 735 821 812 hanc
846 732 1026 835 separandi
1060 730 1308 810 difficultatem
1333 730 1499 810 haetenus
1526 729 1795 830 insuperabilem
1828 759 1904 810 non
1926 733 1978 809 so-

585 853 663 930 lum
697 857 735 930 in
768 853 863 940 hac,
896 851 955 927 sed
979 849 1190 948 generaliter
1212 853 1251 924 in
1287 851 1392 926 omni
1415 849 1480 925 alia
1510 851 1711 950 aequatione
1745 850 1873 928 tollere
1901 849 1977 952 pos-

581 969 640 1046 ses.
2072 1041 2074 1060 ,

639 1085 865 1166 Solutioriem
890 1083 1094 1186 generalem
1120 1083 1352 1162 Problematis
1378 1081 1569 1184 breviffimi
1592 1083 1755 1185 appulsus
1784 1112 1860 1164 non
1894 1083 1972 1162 absr-
2073 1073 2074 1086 Ν

580 1205 659 1280 mili
685 1204 798 1282 modo
817 1227 1076 1301 conceperam3
1108 1205 1211 1280 restat
1237 1189 1356 1280 tamen
1380 1201 1514 1302 aliquid
1536 1201 1637 1302 quod
1661 1193 1898 1296 desideratum
1915 1203 1971 1280 sci-
2073 1245 2074 1256 κ

580 1320 686 1409 licet,
721 1323 821 1422 quod
841 1322 888 1398 ad
919 1319 1169 1420 Synchronam
1184 1335 1333 1418 tangens
1362 1319 1445 1395 duci
1470 1317 1568 1420 polle
1592 1315 1781 1399 assumatur
1800 1321 1969 1422 pofitiooe
2072 1341 2074 1458 p

581 1437 670 1516 datae
695 1438 861 1538 parallelo·
874 1463 888 1532 ;·
917 1437 957 1514 id
979 1436 1079 1536 quod
1098 1437 1194 1515 baud
1216 1437 1306 1514 adeo
1327 1436 1430 1520 facile
1446 1436 1580 1536 judico.
1644 1436 1714 1514 Sed
1738 1439 1855 1516 habeo
1870 1441 1968 1515 etiam
2073 1463 2074 1536 }

579 1557 661 1634 alias
688 1557 908 1643 solutiones,
941 1579 1019 1654 quae
1041 1554 1079 1630 id
1106 1578 1183 1631 oon
1209 1553 1425 1653 supponunt
1485 1552 1745 1654 Proposueram
1770 1555 1964 1634 Problema-
2073 1585 2074 1602 l

580 1688 639 1762 ta,
673 1674 718 1750 de
750 1675 879 1773 quibus
903 1670 1087 1750 Dominus
1113 1669 1450 1750 Hoserracrus
1475 1671 1520 1747 ad
1537 1669 1594 1749 Te
1624 1670 1777 1772 scripsit,
1807 1692 1888 1750 ante
1908 1698 1966 1748 no·
2073 1755 2074 1762 ἵ

577 1812 659 1868 vam
685 1791 822 1870 Calculi
843 1792 1142 1894 promotionem;
1172 1789 1253 1866 alias
1275 1813 1350 1864 non
1375 1785 1649 1891 proposuissem:
1666 1813 1743 1870 non
1761 1789 1844 1867 ideo
1860 1807 1966 1868 tamm
2073 1831 2074 1866 3

575 1907 692 1988 statim
712 1909 771 1984 alii
794 1911 830 1982 in
853 1905 1041 1983 artificium
1070 1907 1233 1983 nostrum
1256 1907 1502 2004 penetrabunt.
1774 2001 1778 2012 Ι

631 2023 771 2104 Verum
791 2025 901 2112 dicis,
930 2018 1134 2100 solutiones¹
1147 2023 1219 2101 Ho
1233 2045 1468 2121 selsam,
1482 2025 1527 2100 ad
1545 2024 1641 2102 casus
1666 2049 1860 2102 curvarum
1883 2021 1982 2100 diiii·-

573 2142 718 2222 miliom
748 2167 825 2218 non
855 2144 1067 2241 pertingunt
1082 2166 1097 2234 3·
1125 2142 1226 2242 quod
1257 2139 1358 2215 idem
1384 2159 1465 2217 tum
1499 2139 1728 2239 objecissem3
1761 2167 1820 2219 me
1846 2143 1963 2219 scilicet

574 2283 640 2360 per
663 2283 797 2336 curvas
824 2253 973 2364 ejufflem
990 2253 1122 2361 speciei
1146 2281 1220 2335 non
1253 2271 1393 2334 tantum
1420 2258 1622 2358 intelligere
1657 2256 1934 2361 curvasstmiles
1952 2307 1978 2350 ,-
2073 2319 2074 2352 3

571 2377 631 2456 fed
663 2377 889 2478 quascunque
914 2375 996 2452 alias
1028 2375 1224 2468 ordinatim
1251 2375 1370 2466 datas;
1403 2377 1558 2476 exempli
1591 2381 1730 2476 gratia,
1766 2401 1891 2452 omnes
1914 2373 1968 2453 El·
2073 2379 2074 2394 ¹

572 2493 674 2594 lipses
707 2493 810 2593 super
844 2494 975 2571 eodem
1006 2515 1070 2567 axe
1096 2491 1311 2592 descriptas,
1345 2507 1453 2597 atque
1492 2493 1582 2570 adeo
1609 2491 1727 2594 ipsum
1754 2493 1962 2572 Problemati

572 2612 739 2688 nondum
758 2610 916 2713 plenarie
942 2609 1143 2686 satisfecisse.
1206 2607 1404 2708 Respondit
1428 2633 1544 2707 nuper
1566 2608 1599 2686 se
1617 2609 1807 2710 agnoscere
1838 2609 1963 2710 aliquid

573 2729 726 2827 amplius
754 2730 885 2827 requiri
909 2749 977 2826 pro
997 2731 1114 2802 curvis
1141 2725 1381 2814 dissimilibus,
1412 2719 1564 2813 Jsvous
1584 2731 1965 2831 avone,·inquit,que

575 2839 708 2950 sorsque
746 2842 803 2927 les,
821 2838 960 2942 courbes
988 2867 1031 2916 ne
1052 2835 1169 2936 stiunt
1189 2864 1261 2948 pas
1277 2835 1507 2944 fimblables,
1540 2843 1572 2918 il
1585 2839 1678 2947 fitur
1702 2842 1851 2950 quelque
1878 2835 1965 2942 chose

578 2957 622 3038 de
640 2960 757 3066 pluss
791 2986 834 3035 en
855 2980 932 3036 tout
956 2985 1015 3035 oar
1036 2967 1076 3063 je
1107 2986 1151 3036 m
1169 2961 1316 3061 pre‘tens
1341 2965 1448 3036 avoir
1466 2952 1587 3062 'restrlu
1608 2989 1676 3037 vos
1699 2964 1857 3038 derniers
1883 2954 1966 3035 Pro·

580 3069 738 3166 blr'mes,
770 3101 837 3180 que
868 3077 959 3153 dans
994 3101 1032 3153 ce
1046 3072 1160 3180 fiens,
1193 3070 1431 3180 &fauentis
1453 3075 1496 3154 de
1527 3073 1743 3184 l'apprendre
1771 3077 1813 3153 de
1839 3101 1965 3162 vetes,

582 3192 716 3302 lorsque
738 3195 788 3270 les
817 3189 957 3270 courbes
974 3191 1098 3294 serrant
1118 3187 1379 3298 difflmblablcs.
1441 3195 1477 3274 Si
1505 3211 1609 3293 urget
1640 3195 1825 3274 Dominus
1856 3193 1969 3274 Hos-

584 3333 817 3392 errnrrus
853 3327 892 3390 ut
919 3312 999 3388 edas
1029 3311 1223 3391 solutiones
1247 3311 1350 3401 suas,
1382 3315 1515 3413 poteris
1540 3311 1644 3388 edere
1669 3316 1757 3388 meis
1789 3337 1866 3388 non
1899 3308 1969 3386 exs-
2071 3361 2072 3368 κ

583 3433 758 3532 pestatis3
790 3455 909 3531 operae
938 3453 1026 3506 vero
1050 3434 1207 3530 pretium
1233 3453 1310 3505 non
1336 3427 1419 3507 elset
1440 3429 1633 3506 solutiones
1655 3429 1874 3528 imperfectas
1906 3452 1969 3526 pu-

582 3550 738 3636 blicare,
769 3563 910 3626 tanturn
944 3546 1075 3625 scilicet
1105 3571 1173 3648 pro
1205 3549 1322 3624 curvis
1348 3545 1547 3645 ssmilibus3
1579 3569 1664 3624 cunr
1686 3551 1782 3622 eninr
1810 3545 1967 3645 perfetio

470 3745 474 3753 ,
582 3664 776 3744 solutiones
799 3689 865 3764 pro
891 3667 1059 3743 omnibus
1089 3667 1206 3744 curvis
1231 3663 1422 3742 ordinatim
1447 3664 1559 3750 datis,
1592 3657 1772 3762 ipso'Tuo
1800 3665 1964 3762 iudicio,

579 3781 697 3860 adhuc
721 3781 973 3862 dissimulanda
994 3781 1079 3871 sint,
1112 3807 1158 3862 ne
1178 3782 1252 3858 aliis
1275 3779 1372 3856 illico
1397 3781 1584 3862 artificium
1607 3781 1839 3881 detegamus,
1872 3778 1968 3882 pras-
2070 3853 2071 3864 ,

580 3913 632 3974 tut
660 3903 812 3976 omnino
849 3897 947 3974 filere
969 3901 1005 3974 &
1031 3899 1121 3976 nihil
1154 3899 1267 3987 dare,
1295 3921 1405 4000 quam
1434 3923 1548 4002 pauca
1576 3898 1668 3974 dare.
1730 3899 1966 3998 Quandoqui-

471 4047 475 4054 ·
581 4015 662 4090 dem
693 4017 859 4098 nondum
877 4017 1004 4093 videris
1028 4015 1088 4094 illa
1105 4016 1355 4104 Problemata,
1387 4019 1494 4093 mitto
1516 4015 1578 4092 hic
1602 4014 1771 4094 foliolum
1795 4041 1841 4092 ex
1874 4008 1964 4092 Du-

578 4135 631 4210 rio
662 4125 801 4242 Gellifo
821 4129 857 4210 *.
896 4133 975 4212 Tua
1009 4135 1102 4212 forte
1130 4132 1368 4235 applicatione
1401 4133 1554 4234 dignum
1587 4133 1741 4210 censebis
1775 4137 1935 4238 primum
1952 4191 1971 4220 ,.

578 4251 642 4334 ubi
665 4249 787 4361 quaero
811 4251 964 4332 nodum
983 4251 1157 4336 ducenda
1186 4257 1224 4330 in
1248 4251 1430 4360 superficie
1452 4275 1612 4330 convexa
1634 4251 1737 4331 lineae.
1760 4251 1964 4330 brevissimae

999 4397 1006 4407 ·
1332 4417 1335 4422 -
1946 4389 1966 4443 a

613 4565 637 4600 ⁴⁵
652 4563 739 4647 1697.
758 4581 830 4646 ηε.
853 4561 977 4640 Journal·
987 4563 1025 4627 do
1046 4573 1092 4634 26.
1114 4563 1216 4634 toust)
1243 4565 1387 4647 vel'Opp.
1405 4563 1491 4632 Ten.
1511 4565 1537 4630 l'.
1558 4561 1610 4630 ΝΟ.
1635 4561 1780 4632 xxxix
1809 4582 1873 4645 pap,
1896 4580 1964 4635 204·
