4292 5530
551 325 624 394 126
723 313 1222 408 commeantum
1267 313 1802 403 utrsrotrottn,

401 491 498 578 1696
550 477 681 562 celsitas
694 478 862 582 ²sequitur
882 471 931 555 'ex
955 476 1078 554 nostro
1098 477 1278 577 principio
1299 475 1550 554 conservandas
1573 475 1786 556 direstionis.
1829 469 1951 567 Nam,

358 633 362 640 ·
390 593 528 686 Jmtuar·
551 613 632 676 ante
660 597 874 676 concursum
894 653 918 682 „
938 591 1139 695 progressus
1163 617 1314 684 eorum,
1348 593 1407 672 seu
1434 597 1611 698 quantitas
1642 595 1868 683 diretiionis,
1902 597 1948 674 est

437 749 444 770 ··
553 711 696 818 aequalis
716 715 831 791 nihilo
846 707 865 808 3'
889 737 978 812 ergo
999 711 1077 790 talis
1099 717 1206 790 etiam
1227 711 1335 789 debet
1359 709 1426 789 else
1455 713 1537 813 post
1567 712 1794 790 concursum.
1856 714 1947 795 Cum

553 859 641 911 vero
670 837 777 910 etiam
799 835 849 907 vis
871 855 999 908 eorum
1015 817 1175 911 absoluta
1199 829 1327 910 debeat
1350 829 1573 916 conservari,
1607 831 1872 910 demonstratur
1889 831 1946 908 has

554 951 641 1030 duas
661 949 944 1027 conservationes
968 951 1107 1026 virtutis
1130 947 1297 1027 absolute
1320 947 1592 1055 &·diresiionis
1621 947 1725 1028 timul
1752 972 1827 1027 non
1855 947 1948 1052 posse

553 1070 732 1155 obtineri,
764 1065 829 1142 nisr
850 1065 942 1143 dista
963 1057 1231 1166 repercussione.
1295 1063 1410 1143 Simili
1437 1065 1621 1144 Methodo
1646 1067 1910 1144 demonstratur·
1929 1109 1944 1154 ·,

494 1205 498 1212 '
553 1187 655 1288 quod
673 1185 775 1285 supra
796 1181 919 1262 asserui
950 1174 995 1260 de
1022 1183 1138 1283 globo
1163 1183 1195 1262 A
1220 1183 1353 1264 curnB
1380 1186 1418 1260 dc
1438 1183 1470 1264 C
1489 1197 1728 1264 concurrente
1760 1207 1824 1285 per
1842 1185 1949 1260 trian-

554 1303 685 1404 gulum
711 1301 978 1400 reitangulum,
1011 1302 1049 1378 dr
1073 1302 1205 1402 regulae
1223 1305 1330 1380 etiam
1356 1302 1548 1382 concursus
1570 1303 1729 1382 duorum
1753 1325 1947 1402 corporum

556 1423 672 1498 slatim
696 1417 927 1498 definiuntur.
988 1415 1218 1498 Verissimum
1241 1421 1289 1496 est
1307 1423 1415 1498 ctiam
1434 1419 1545 1521 ipsam
1564 1424 1645 1497 uim
1664 1419 1871 1496 dictitivam
1890 1418 1948 1495 ha-

556 1540 634 1616 beri
660 1539 769 1616 duilu
789 1537 893 1613 molis
922 1541 959 1612 in
989 1537 1202 1638 quadratum
1229 1537 1440 1627 celeritatis,
1473 1549 1515 1617 ut
1540 1537 1944 1640 aliquando-apparebit

545 1655 722 1741 interim,
750 1676 794 1733 eo
818 1649 993 1756 seposito,
1028 1653 1086 1730 illa
1109 1651 1258 1755 finrplerr
1287 1652 1522 1734 consideratio
1554 1655 1779 1742 directionis,
1797 1654 1856 1732 seu
1867 1677 1948 1755 pro

557 1771 713 1874 gressus,
747 1775 854 1849 etiam
882 1773 988 1860 facit,
1016 1785 1087 1859 ut,
1117 1773 1156 1850 in
1187 1773 1261 1848 aliis
1285 1772 1427 1861 multis,
1460 1797 1554 1874 opus
1580 1771 1622 1851 stt
1640 1770 1819 1851 celeritate
1848 1771 1949 1850 dueta

557 1895 596 1970 in
629 1889 793 1984 molem;
827 1888 1068 1989 verissimaque
1099 1905 1264 1967 maneant
1289 1889 1511 1970 theoremata
1527 1905 1677 1991 recepte
1703 1887 1946 1978 Mechanice,

556 2013 645 2086 iten‘r
667 2005 911 2086 oscillationi's
934 2064 945 2094 ‚
978 2007 1036 2082 vel
1056 2004 1306 2107 percussionis,
1339 2009 1416 2086 imo
1433 2009 1484 2086 ¹&
1506 2005 1704 2088 resistentie
1738 2007 1851 2086 medii
1885 2005 1950 2083 res·

557 2129 713 2228 pedire,
775 2123 905 2226 Repeti
927 2127 1051 2213 enim,
1084 2123 1108 2201 fi
1127 2149 1305 2226 ponamus
1331 2149 1463 2228 corpus
1485 2128 1524 2202 in
1541 2127 1664 2204 medio
1684 2123 1787 2214 ferri,
1822 2125 1861 2202 dr
1879 2147 1949 2200 me-

558 2246 662 2322 dium
680 2244 839 2321 constare
864 2265 910 2320 ex
932 2244 1128 2320 innumeris
1147 2243 1326 2342 globulis,
1360 2268 1425 2345 per
1451 2244 1604 2344 spatium
1625 2256 1727 2320 tanto
1751 2245 1864 2322 rarius
1887 2239 1950 2319 dii-

559 2363 761 2449 seminatis,
794 2373 929 2463 quanto
955 2357 1116 2439 medium
1147 2361 1198 2440 eit
1233 2363 1399 2457 tenuius;
1431 2359 1653 2464 celeritatunr
1689 2361 1949 2452 decrementa,

560 2484 599 2558 in
630 2483 759 2582 quovis
793 2480 864 2558 istu
896 2475 1038 2568 amissa,
1072 2471 1138 2556 elle
1165 2475 1403 2558 celeritatibus
1428 2477 1738 2580 proportionalia3
1770 2479 1808 2556 dt
1832 2501 1947 2564 cum,

558 2597 754 2700 aequalibus
776 2598 1022 2698 temporibus,
1054 2599 1197 2674 numeri
1222 2596 1360 2675 iduum
1381 2597 1562 2676 hocloco
1584 2595 1653 2675 srnt
1675 2610 1718 2676 ut
1735 2595 1948 2682 celeritates,

559 2716 638 2794 sore
661 2715 885 2792 decrementa
905 2729 945 2792 ut
973 2713 1142 2815 quadrata
1161 2713 1404 2804 celeritatum,
1436 2715 1629 2817 aequalibus
1647 2729 1857 2816 tempontm
1886 2711 1977 2790 ete·

558 2835 698 2909 mentis.
760 2831 874 2932 quue
904 2855 949 2907 ex
968 2829 1050 2932 ipfis
1075 2831 1144 2908 illis
1176 2834 1265 2910 meis
1288 2835 1474 2936 principiis
1501 2833 1547 2909 de
1579 2831 1861 2921 conservanda,
1883 2843 1954 2908 tarn

558 2954 692 3054 uirtute
718 2948 902 3036 absoluta,
935 2961 1044 3050 quam
1068 2949 1285 3038 directione,
1319 2949 1538 3028 demonstro
1570 2950 1679 3030 Unde
1700 2950 1818 3040 uides,
1844 2971 1955 3050 quan·

505 3093 510 3101 ·
559 3083 595 3146 ta
616 3065 676 3144 hic
697 3070 864 3146 cautione
883 3065 925 3144 iit
952 3092 1044 3168 opus
1075 3072 1113 3146 in
1139 3069 1236 3146 resto
1259 3067 1323 3148 usu
1340 3071 1628 3172 principiorum,
1662 3092 1730 3146 nec
1754 3069 1798 3144 iri
1826 3061 1955 3146 debere

560 3210 626 3287 per
643 3185 791 3274 saltum,
826 3183 990 3263 nondum
1014 3187 1183 3264 omnibus¹
1204 3189 1270 3263 rite
1289 3190 1505 3264 examinatis.
1567 3185 1637 3265 Sed
1660 3183 1738 3264 heac
1756 3184 1882 3262 altiora
1891 3185 1957 3261 ob·

561 3305 772 3403 jedoribus,
796 3306 834 3380 in
857 3304 987 3404 quibus
1007 3302 1177 3380 nonsatis
1197 3303 1387 3382 docilitatis
1405 3306 1569 3406 apparuit
1588 3327 1769 3405 exponere
1784 3327 1862 3380 non
1881 3301 1957 3379 sum

561 3423 754 3520 dignatus3
785 3415 933 3500 tanretsr'
957 3423 1176 3522 principium
1202 3421 1275 3498 hoc
1307 3423 1471 3522 generale
1507 3421 1553 3500 de
1584 3420 1824 3499 conservanda
1850 3421 1957 3498 etiam

563 3538 760 3614 diteiiione
783 3555 908 3616 contra
933 3537 1151 3618 Cartesranos
1170 3563 1248 3616 non
1263 3624 1266 3630 ,
1279 3538 1532 3618 dillimularim.
1594 3538 1681 3618 Tibi
1711 3561 1798 3616 vero
1828 3537 1959 3615 vellem

562 3654 641 3734 haec
670 3657 792 3732 omnia
814 3678 890 3733 uno
920 3656 1019 3735 oculi
1041 3658 1173 3735 obtutu
1192 3671 1363 3758 paterent.
1424 3657 1544 3760 Atque
1565 3660 1613 3744 ita
1632 3661 1704 3755 jam
1730 3681 1770 3734 ea
1793 3654 1898 3743 dedi,
1916 3675 1960 3730 err

564 3775 694 3876 quibus
717 3774 886 3852 omnibus
903 3775 972 3879 tuis
994 3771 1261 3852 difficultatibus
1279 3777 1417 3870 [etiam
1434 3774 1536 3876 supra
1556 3775 1706 3871 dilutis]
1726 3771 1855 3851 satisfit.
1876 3770 1959 3851 Hoc

562 3903 703 3968 tanturn
721 3889 841 3979 addo,
874 3915 912 3968 re
933 3889 1182 3980 oonsrderata,
1215 3917 1293 3970 non
1315 3889 1383 3970 else
1408 3893 1510 3995 quod
1528 3917 1728 3994 queramus
1742 3891 1958 3970 demonstra·

563 4010 702 4086 tionem
724 4007 962 4108 hypotheseos
981 4009 1092 4098 illius,
1127 4007 1222 4112 quest
1244 4035 1352 4111 grave
1372 4009 1587 4088 descendens
1605 4009 1663 4088 vel
1682 4007 1873 4088 ascendens
1881 4006 1959 4108 plu-

562 4149 617 4202 res
639 4127 727 4203 idus
750 4149 769 4201 a
794 4129 939 4202 materia
961 4126 1126 4227 gravifica
1161 4132 1329 4229 recipiat,
1362 4127 1493 4205 eodem
1524 4127 1770 4229 tempusculo,
1802 4145 1958 4228 propor·
2002 4145 2006 4152 ·

563 4247 664 4321 tione
690 4241 899 4329 celeritatis,
932 4266 1049 4344 neque
1073 4249 1170 4320 enim
1192 4269 1313 4324 veram
1334 4261 1448 4348 puto:
1481 4247 1520 4326 dc.
1550 4242 1679 4322 flesset
1710 4267 1816 4332 vera,
1840 4236 1959 4320 celeri·
1987 4233 2004 4290 ἲ·
2111 4309 2112 4350 ÷

566 4373 655 4442 tates
684 4383 761 4438 non
779 4358 974 4436 crescerent
1002 4360 1249 4460 aequabiliter,
1282 4361 1341 4439 seu
1364 4379 1406 4442 ut
1437 4378 1610 4464 tempora.
1641 4362 1791 4441 Interim
1812 4361 1961 4436 minime
2111 4435 2112 4448 Ν

565 4477 841 4560 concedendum
876 4477 943 4566 est,
976 4476 1077 4580 quod
1094 4475 1243 4580 aequalis
1266 4479 1400 4580 gradus
1416 4483 1549 4564 virium
1574 4472 1839 4570 absoluturum,
1872 4495 1962 4578 quo-
2007 4493 2011 4510 ’

1905 4611 1964 4668 ⁴tus
