4266 5534
572 342 644 444 ne
731 317 733 324 ’
809 321 1244 420 conuenerunt
1288 331 1747 448 retunderetur,

409 499 506 578 1696
629 481 836 563 Tractatum
867 474 1035 562 Daevrdts
1057 478 1316 560 Gnrooarr
1345 475 1809 580 CatoptricoaDioptricum
1831 489 1852 582 's
1874 497 1977 568 aocess
2098 561 2099 588 ζ

395 591 534 693 August·
568 607 636 706 pi3
668 598 952 680 totus'innititur
970 601 1151 700 principio
1182 621 1279 676 ame
1298 598 1457 676 indicato
1488 594 1534 674 de
1561 596 1702 676 cucuts
1728 599 1974 688 osculantibut
2098 605 2099 608 ‘

567 720 753 800 inlocum
776 742 997 808 curvarum,
1029 733 1070 798 ut
1095 718 1144 794 ita
1178 716 1327 804 dicam,
1360 718 1672 822 appropriatarum
1707 716 1969 804 substituendis.

566 833 614 920 Et
643 851 764 916 tamen
788 836 846 914 vel
874 839 977 928 mei,
1009 858 1050 912 ea
1086 836 1125 912 in
1150 859 1223 922 re,
1257 831 1446 910 ueletiam
1482 831 1701 912 circulorum
1728 835 1969 919 osculantium

567 959 790 1038 mentionem
814 951 949 1032 nullam
976 951 1073 1028 fecit.
1133 949 1176 1030 Id
1201 953 1343 1028 moneri
1364 949 1557 1052 aliquando
1588 953 1627 1026 in
1651 943 1757 1030 Ati‘r'r
1783 979 1858 1034 ¹ron
1887 961 1966 1038 inu.

568 1074 630 1150 tile
654 1076 750 1160 erit,
783 1071 855 1148 fine
878 1069 950 1148 ulla
971 1083 1092 1146 tamen
1119 1067 1348 1170 displicentiae
1378 1067 1667 1168 significatione,
1709 1071 1747 1147 dt
1770 1073 1895 1152 malim
1920 1079 1964 1154 ab
2099 1155 2100 1182 ἶ

568 1189 638 1269 alio
666 1187 768 1281 fieti,
802 1211 911 1290 quam
939 1213 959 1264 a
982 1211 1042 1264 me
1064 1185 1154 1287 ips0.
2099 1193 2100 1288 J

623 1306 738 1401 Quod
762 1304 859 1392 dixi,
894 1307 1013 1381 omnis
1030 1303 1230 1382 Axiomatis
1254 1327 1350 1378 ame
1373 1303 1715 1386 demonstrationem
1741 1307 1961 1400 desiderari,
2099 1295 2100 1310 Ν

563 1449 639 1503 non
668 1422 965 1501 temeredidum
989 1422 1061 1516 est;
1093 1420 1203 1522 idque
1225 1419 1483 1498 animadvertes
1502 1429 1635 1526 opinor
1648 1447 1661 1532 3
1692 1421 1882 1525 siquando
1904 1449 1961 1503 va-

559 1544 654 1620 cabit
672 1521 842 1640 inspicere
861 1539 1112 1618 meditationes
1136 1537 1304 1637 quasdam
1334 1562 1429 1615 meas
1458 1539 1502 1616 de
1524 1543 1634 1628 ideis,
1669 1563 1748 1640 quae
1776 1557 1902 1620 extant
1922 1547 1960 1619 in

557 1653 781 1763 Lipſsenfium
802 1653 924 1734 Attis.
955 1661 979 1710 ’⁶
1007 1653 1159 1754 Excipio
1192 1670 1312 1730 tamen
1331 1655 1521 1734 Axiomata
1541 1659 1619 1743 illa,
1652 1681 1734 1760 quae
1758 1657 1839 1737 sunt
1860 1657 1960 1736 inde-

463 1763 466 1772 ’
555 1775 826 1862 monstrabilia,
860 1773 947 1874 ipsas
974 1772 1105 1850 scilicet
1127 1773 1299 1848 identitas
1327 1770 1598 1873 propositiones.
1660 1773 1806 1854 Caetera-
1823 1781 1956 1865 omnia,
2100 1829 2101 1864 ,

554 1917 633 1996 quae
653 1892 784 1970 scilicet
806 1889 951 1992 possunt
977 1889 1236 1976 demonstrari,
1270 1893 1377 1966 etiam
1395 1889 1483 1968 utile
1514 1894 1564 1970 est
1582 1893 1837 1983 demonstrati,
1869 1919 1954 1974 cum
2100 1929 2101 1992 3

553 2012 670 2111 aliqua
694 2012 819 2109 magni
838 2010 1016 2084 momenti
1044 2006 1284 2086 Theoremata
1312 2010 1349 2084 in
1374 2011 1415 2082 iis
1440 2005 1646 2088 fundantur.
1708 2011 1822 2111 quue
1851 2015 1956 2091 etlam
2100 2031 2101 2044 ¹

551 2126 700 2206 Veteres
723 2126 901 2205 viderunt.
961 2123 1069 2202 Unde
1102 2123 1425 2204 Arouionrus
1448 2115 1512 2214 [in
1538 2126 1672 2226 scriptis
1695 2127 1915 2228 deperditis,
1940 2133 1954 2226 ]

550 2246 588 2320 dr
611 2244 859 2332 Procius,
891 2243 929 2318 ἃ
950 2241 1010 2319 alii
1034 2241 1223 2320 Atriomata
1245 2243 1290 2317 ab
1318 2240 1545 2320 Euccrur
1566 2241 1713 2321 assumta
1731 2244 1953 2324 demonstra-

548 2386 588 2440 re
610 2359 691 2438 sunt
716 2364 847 2438 conati.
906 2357 1068 2460 Eamque
1098 2381 1175 2434 rem
1198 2357 1314 2436 stultu
1337 2383 1413 2434 non
1435 2381 1555 2435 carere
1577 2359 1680 2437 facile
1702 2365 1836 2462 opinor
1865 2389 1953 2442 con.

546 2477 673 2564 cedes,
706 2503 817 2578 quem
840 2491 960 2554 tamen
990 2500 1067 2553 non
1089 2475 1240 2586 vident,
1271 2477 1334 2574 qui
1359 2475 1584 2552 scientiarum
1609 2477 1801 2564 utilitatem
1823 2483 1953 2580 vulga.

544 2601 577 2674 ri
603 2593 756 2673 modulo
778 2598 985 2672 metiuntur.
1047 2593 1196 2669 Interim
1212 2591 1335 2678 vides,
1369 2615 1409 2668 ea
1438 2591 1678 2692 limitatione,
1711 2618 1822 2695 quam
1851 2599 1949 2675 addi.

548 2710 587 2787 di
611 2713 649 2788 &
674 2735 780 2814 quam
807 2709 1008 2788 addendam
1030 2707 1098 2784 esse
1121 2708 1308 2808 praevideri
1324 2719 1486 2806 poterat,
1510 2733 1588 2788 non
1608 2707 1676 2788 elle
1697 2735 1762 2790 cur
1786 2713 1952 2816 progres-

545 2827 624 2906 sum
653 2829 693 2904 in
717 2826 898 2904 infinitum
924 2849 1066 2902 vereare
1088 2828 1128 2899 in
1160 2823 1451 2902 demonstrando.

600 2943 727 3023 Unum
749 2943 846 3020 addo
866 2941 1024 3020 multum
1042 2941 1138 3041 apud
1155 2967 1213 3019 me
1230 2940 1390 3020 interesse
1410 2947 1503 3021 inter
1523 2943 1600 3023 hare
1618 2947 1715 3036 duo,
1731 2951 1770 3026 in
1792 2949 1948 3032 dubium

468 3108 475 3119 ·
541 3083 673 3138 vocare
706 3059 1015 3159 propositionem,
1059 3060 1096 3134 dt
1131 3059 1473 3138 demonstrationem
1508 3067 1585 3160 eius
1621 3081 1812 3166 expetere;
1845 3071 1948 3170 quod

540 3177 629 3257 duur
655 3201 676 3254 a
708 3177 763 3256 Te
785 3176 846 3254 hic
873 3201 942 3276 pro
965 3175 1097 3254 eodem
1125 3175 1299 3263 habetur,
1328 3176 1420 3272 ⁸hinc
1441 3182 1514 3275 jam
1533 3179 1666 3268 video,
1696 3207 1760 3260 cur
1782 3205 1864 3285 quae
1890 3185 1948 3264 di.

537 3317 661 3375 xeram
683 3295 729 3370 de
755 3292 1005 3374 Axiomatibus
1032 3292 1317 3371 demonstrandis
1336 3297 1426 3371 mira
1454 3294 1541 3374 Tibi
1559 3295 1627 3374 srnt
1658 3297 1739 3375 risa.
1770 3300 1807 3377 Si
1826 3303 1947 3383 Can.

410 3449 414 3458 ’
539 3435 714 3488 rusius
734 3411 807 3488 hoc
832 3409 1175 3500 tantumvoluisset,
1207 3433 1293 3488 cum
1314 3410 1360 3488 de
1383 3413 1552 3492 omnibus
1570 3413 1809 3496 dubitandum
1831 3419 1937 3510 dixit,

538 3528 639 3628 quod
662 3551 732 3626 ego
755 3528 942 3616 defidero,
975 3527 1079 3606 nullo
1104 3533 1183 3626 jure
1211 3527 1556 3628 reprehenderetur3
1586 3531 1645 3607 sed
1667 3532 1727 3610 iile
1749 3535 1943 3635 dupliciter

534 3647 723 3744 peccavit,
756 3649 861 3722 nimis
884 3645 1109 3738 dubitando,
1142 3647 1180 3723 dr
1198 3648 1305 3722 nimis
1332 3646 1478 3726 facilea
1510 3648 1734 3728 dubitatione
1758 3651 1944 3732 disceden-

533 3761 597 3839 do
656 3760 752 3840 lllud
780 3763 916 3862 ipsun,
949 3759 1051 3863 quod
1070 3765 1197 3859 objicis
1220 3761 1402 3852 Ariioma,
1438 3755 1573 3846 Totum
1598 3757 1662 3866 effi
1681 3775 1798 3872 majus
1807 3789 1938 3875 parre,

391 3893 396 3908 ¹
531 3890 742 3978 opportune
761 3905 782 3956 a
805 3879 862 3957 Te
886 3879 1041 3958 affertur.
1100 3880 1143 3960 Id
1168 3895 1262 3958 certe
1282 3904 1467 3983 nunquam
1489 3885 1529 3958 in
1556 3882 1710 3960 dubium
1729 3893 1877 3978 vocavi,
1900 3893 1953 3968 dr·

533 4007 655 4070 tamen
683 3995 875 4098 aliquando
896 3997 1240 4075 demonstrationem
1270 4003 1345 4097 ejus
1373 4002 1529 4100 expetii,
1561 4001 1638 4078 imo
1668 4003 1815 4092 inveni,
1859 4031 1936 4085 uno

532 4109 736 4219 syllogismo
757 4113 1074 4220 comprehensam,
1107 4120 1236 4208 innixo
1256 4116 1463 4196 definitioni
1486 4120 1636 4197 minoris
1660 4120 1698 4198 ἀ
1720 4123 1867 4220 majoris
1898 4129 1943 4202 &J

571 4373 592 4447 †
612 4373 780 4456 Catoptrime
798 4377 996 4459 &Dioptricae
1013 4379 1156 4458 sphaericae
1175 4328 1332 4446 Elementa.
1356 4387 1439 4449 Auel.
1457 4391 1570 4451 nauide
1602 4389 1832 4454 Gerounro
1846 4391 1935 4457 Ml).

531 4455 639 4524 Astron
664 4459 729 4522 Ros.
747 4459 888 4522 Sariliano
908 4459 1049 4536 Oxoniae,
1072 4465 1147 4528 διδ.
1175 4463 1208 4526 R.
1232 4465 1258 4526 S.
1279 4469 1367 4530 Onon.
1395 4477 1482 4547 ¹⁶95·
1503 4471 1552 4530 8⁰.

498 4659 506 4668 ἱ
528 4537 812 4706 Νοῑξὲἕὶεαῖιξοζσ
827 4545 860 4604 tle
877 4546 1059 4622 cognitione,
1076 4543 1220 4619 Vatrute,
1243 4545 1282 4622 ἓ
1300 4549 1393 4622 Idem,
1412 4565 1462 4630 prr
1482 4550 1516 4614 G.
1531 4549 1565 4616 G.
1590 4549 1622 4618 L
1642 4553 1703 4618 A&
1725 4551 1811 4620 trud
1832 4557 1926 4632 πύθῃ.
