4266 5534
557 301 637 400 ’170
740 307 1237 401 COMMERCIUM
1281 305 1807 402 EPISTOLICUM,

422 477 522 568 1696
559 493 620 548 me
641 471 869 558 continuata,
893 467 1173 570 controversiam
1198 471 1429 546 terminatum
1449 471 1517 564 iri;
1548 491 1665 570 neque
1687 471 1784 546 enim
1803 465 1893 546 alter
1909 468 1961 544 ab

140 623 144 632 ·
287 679 289 686 ,
408 573 493 672 iun·
562 588 675 668 altero
697 586 732 664 se
759 611 837 666 non
853 588 1007 688 intelligi
1030 587 1182 687 amplius
1201 589 1379 687 queritur.

623 706 799 807 Spero&
833 705 878 782 de
907 705 994 784 illus
1017 707 1212 807 quantitate
1245 729 1303 782 me
1327 703 1413 784 Tibi
1449 704 1531 786 alias
1573 703 1837 783 satisfacturum.
1897 701 1964 782 De

563 824 841 906 Pannrrsro
864 826 1003 924 optime
1028 821 1185 922 judicas:
1218 819 1301 922 Ejus
1328 825 1373 901 de
1397 837 1566 900 motuum
1589 823 1721 922 regulis
1752 819 1962 902 Dissertatio

563 966 641 1019 non
663 943 786 1040 magni
804 943 984 1018 momenti
1007 941 1082 1018 est:
1115 943 1207 1016 bene
1226 941 1373 1042 quidem
1393 941 1484 1019 vidit
1501 938 1749 1020 difficultatem
1768 939 1814 1016 de
1841 943 1963 1017 incur-

562 1058 603 1138 su
625 1058 810 1160 obliquo,
843 1057 902 1135 sed
936 1081 1014 1136 non
1052 1056 1203 1134 resolvit
1265 1057 1351 1136 sssea
1375 1055 1632 1136 demonstratio
1660 1083 1679 1135 a
1707 1059 1857 1158 priori,
1891 1081 1961 1156 pro

561 1177 681 1254 nostra
701 1178 833 1253 virium
850 1177 1102 1262 estimatione,
1134 1175 1261 1251 nititur
1285 1178 1409 1276 utique
1425 1175 1541 1277 aliqua
1563 1173 1812 1275 suppositione.
1846 1175 1963 1252 Nem-

562 1317 630 1394 pe:
663 1289 856 1368 Aaronem
881 1315 955 1398 que
967 1287 1068 1394 flacit
1093 1289 1236 1396 aliquid
1263 1289 1518 1396 uniformiter,
1549 1311 1700 1395 tempore
1712 1287 1863 1396 stmplr,
1895 1284 1959 1392 ‘ffi

468 1483 474 1494 ,
562 1405 707 1516 duplam
734 1409 882 1484 asiirnis
898 1405 1075 1511 fhcr'errrr's
1105 1407 1200 1486 idem
1220 1405 1482 1510 uniformiter,
1511 1427 1661 1513 tempure
1678 1408 1790 1518 dupla.
1855 1407 1958 1487 Hanc

469 1668 479 1751 ς
561 1645 629 1721 bus
652 1643 929 1743 disputaveram,
963 1646 1027 1745 qui
1043 1641 1129 1720 salso
1153 1641 1217 1720 fibi
1237 1642 1503 1742 persuaserant,
1537 1643 1675 1743 negligi
1691 1667 1711 1720 a
1729 1667 1789 1748 me
1814 1659 1957 1744 tempo·
2098 1715 2099 1718 a

561 1523 842 1627 suppositionem
866 1526 1064 1604 concedere
1087 1525 1220 1602 debent
1247 1524 1564 1615 Crebennus,
1598 1529 1635 1602 &
1660 1526 1739 1613 alii,
1771 1549 1859 1604 cum
1880 1530 1957 1627 qui-

561 1764 610 1838 ris
634 1761 927 1850 aestimationem,
961 1783 1041 1861 quae
1070 1784 1089 1835 a
1117 1764 1260 1836 nemine
1284 1761 1411 1838 melius
1436 1759 1654 1848 adhibetur,
1697 1784 1805 1862 quam
1840 1785 1954 1838 ame,

561 1876 742 1956 Nondum
766 1878 913 1979 quidem
940 1879 1061 1954 invem
1093 1878 1246 1954 modum
1269 1903 1288 1954 a
1311 1881 1424 1986 priori
1450 1877 1545 1954 hanc
1575 1876 1863 1978 propositionem
1895 1879 1957 1955 de.
2098 1861 2099 1940 ζ

508 2091 510 2096 ,
561 1994 784 2072 monstrandi
813 2018 879 2094 per
900 1996 994 2072 viam
1024 1997 1290 2094 congruentiae3
1322 1999 1422 2084 imo,
1457 2021 1502 2072 ne
1533 1995 1624 2074 banc
1649 1996 1822 2098 quidem,
1857 1996 1956 2098 quod
2098 2045 2099 2070 r

551 2115 649 2192 ‘auio
677 2109 771 2188 idem
782 2107 959 2214 ficiens,
993 2105 1150 2192 breviori
1183 2131 1356 2219 tempore,
1378 2108 1428 2215 stt
1454 2119 1587 2216 majam
1615 2139 1634 2188 a
1665 2137 1745 2214 quo·
1764 2110 1847 2189 esset
1869 2103 1955 2191 inci-
2098 2081 2099 2114 ³

560 2230 744 2332 piendum.
809 2228 947 2307 Verum
974 2229 1046 2307 hoc
1065 2227 1235 2318 admisso,
1268 2233 1392 2331 utique
1408 2255 1452 2306 eo
1476 2230 1552 2330 ipso
1573 2230 1674 2330 quod
1692 2230 1789 2308 nulla
1803 2232 1956 2333 amplius

563 2346 668 2424 datur
686 2345 880 2434 resolutio,
912 2347 970 2423 seu
992 2348 1093 2448 quod
1111 2347 1202 2426 nihil
1226 2347 1387 2426 medium
1408 2351 1590 2448 interponi
1617 2349 1734 2446 potest
1752 2349 1845 2425 inter
1863 2349 1896 2427 A
1919 2351 1954 2427 dc

563 2462 620 2552 B,
653 2457 738 2544 ul'ss
767 2465 1016 2564 interpositum
1037 2465 1151 2543 fuerat
1174 2469 1266 2542 inter
1286 2467 1368 2543 A&
1392 2464 1449 2561 C,
1469 2465 1565 2542 aliud
1589 2464 1659 2542 dici
1679 2469 1824 2568 nequit,
1848 2491 1953 2568 qnam

564 2581 719 2658 aldiones
740 2579 807 2658 esse
829 2595 870 2659 ut
894 2581 1110 2670 celeritates,
1134 2583 1166 2660 A
1193 2597 1266 2659 erat
1274 2579 1400 2684 facere
1418 2581 1585 2684 duplum,
1618 2599 1770 2687 tempore
1788 2581 1951 2692 simplae

563 2694 736 2798 Bfircere
769 2696 938 2802 duplum,
970 2718 1121 2802 ternpore
1154 2695 1282 2804 duplo,
1316 2699 1410 2778 &C
1429 2696 1554 2802 farm
1568 2693 1763 2803 finrplrrm,
1805 2719 1955 2806 tempore

552 2806 701 2918 fimplr:
721 2813 844 2915 Itaque
858 2815 949 2891 adliu
967 2816 999 2892 A
1019 2818 1069 2892 est
1089 2821 1203 2914 major
1221 2841 1328 2916 quam
1351 2817 1441 2894 aelio
1455 2816 1502 2905 B,
1531 2819 1568 2893 δι
1586 2817 1734 2917 quidem
1747 2820 1796 2896 ita
1814 2833 1856 2899 ut
1870 2819 1956 2898 cres-

460 3035 464 3038 -
564 2943 621 3008 cat
650 2932 765 3020 attio,
795 2945 962 3009 manente
986 2933 1112 3010 errem
1140 2937 1177 3010 dr
1208 2949 1373 3034 tempore
1396 2933 1627 3010 decrescente.
1687 2933 1813 3038 Itaque
1837 2963 1885 3016 ex
1911 2961 1956 3015 eo

454 4520 461 4598 l

563 3047 669 3148 ipso,
702 3049 803 3150 quod
821 3049 963 3127 nussum
985 3051 1040 3160 'est
1063 3054 1280 3152 principium
1307 3051 1441 3154 aliquid
1464 3051 1554 3134 ultra
1589 3051 1872 3144 determnandr,
1904 3055 1953 3132 se·

544 3169 688 3265 ¹quitur
723 3157 877 3244 adiubes
911 3165 979 3244 esse
1012 3173 1198 3270 reciproce
1231 3185 1273 3246 ut
1301 3183 1474 3269 tempora.
1534 3168 1720 3272 Nimirum
1754 3165 1956 3278 ubicunque

562 3281 664 3357 nulla
685 3287 830 3388 reperiri
849 3283 963 3389 potest
982 3289 1078 3361 ratio
1102 3287 1331 3390 proportionis
1353 3281 1559 3392 comprſsu,
1590 3280 1716 3388 nerrffe
1744 3285 1793 3388 est
1812 3283 1950 3394 ſsmplr'-

563 3421 638 3470 rem
665 3398 778 3475 locum
799 3395 938 3478 babere.
1000 3401 1131 3503 Operae
1160 3419 1280 3480 tamen
1310 3407 1467 3502 pretium
1496 3405 1572 3492 est,
1603 3420 1646 3482 ut
1668 3403 1829 3504 Objettio
1852 3420 1948 3494 tua,

471 3517 473 3522 '
563 3539 673 3614 quam
698 3516 801 3595 alicui
821 3545 1008 3632 occurrere
1030 3517 1129 3620 posse
1155 3523 1293 3621 optime
1318 3535 1444 3609 notas,
1477 3521 1696 3617 resoluatur3
1730 3522 1952 3624 musaldio,

561 3635 677 3729 major
693 3635 856 3728 [credo]
882 3639 946 3714 lux
957 3635 1190 3724 accendetur,
1224 3633 1481 3739 apparebitque
1497 3639 1683 3718 discrimen
1708 3643 1802 3718 inter
1823 3655 1955 3747 poten·

396 3819 402 3825 .
561 3751 648 3824 tiam
671 3751 707 3825 dr
729 3753 916 3830 antonem.
977 3753 1145 3852 Obietlio
1172 3758 1221 3831 ita
1249 3754 1385 3830 habet:
1417 3757 1470 3844 A,
1504 3771 1668 3857 tempore
1684 3755 1835 3858 simple,
1855 3759 1951 3836 idem

559 3863 645 3943 iacit
672 3870 772 3966 quod
804 3869 861 3958 B,
894 3871 1223 3971 tempuredup103
1254 3869 1351 3969 Ergo
1373 3871 1406 3950 A
1435 3875 1484 3951 est
1506 3875 1621 3972 duplo
1648 3875 1805 3952 velocius
1843 3899 1952 3977 quam

560 3979 600 4059 Β.
662 3981 759 4082 Ergo
786 3992 946 4084 potentia
968 3987 1073 4088 ipsius
1099 3989 1201 4066 nest
1230 3990 1428 4090 quadrupla
1452 3996 1622 4127 potenpiae
1647 3991 1751 4092 ipfius
1779 3992 1817 4072 Β.
1869 3993 1952 4072 Res-

560 4101 708 4198 pondeo
739 4104 973 4183 concedendo
1000 4121 1120 4184 totum
1151 4122 1428 4207 argumentum,
1461 4112 1661 4208 potentiam
1696 4107 1762 4186 elle
1795 4111 1952 4211 quadru-

558 4217 676 4315 plam,
701 4220 747 4293 δι’
763 4233 888 4296 tamen
916 4226 974 4298 aio
1005 4224 1180 4301 adsonem
1210 4239 1351 4302 tantum
1370 4225 1431 4301 hic
1453 4223 1520 4300 esse
1543 4225 1701 4325 duplam.
1756 4227 1951 4324 ondPa-

469 4423 474 4442 Χ
559 4334 737 4412 radoxum
763 4340 810 4414 ita
830 4337 1000 4413 ostendo:
1036 4363 1167 4438 nempe
1191 4346 1352 4440 potentia
1375 4342 1480 4442 ipius
1500 4341 1533 4420 A
1559 4343 1757 4442 quadrupla
1778 4345 1829 4422 est
1849 4346 1865 4440 [
1877 4345 1952 4423 hoc

539 4450 676 4556 ,ipsum
700 4457 798 4550 euim
831 4454 1151 4540 demonstravimus
1178 4481 1224 4534 ex
1244 4457 1318 4536 hoc
1350 4459 1428 4566 ipso
1465 4461 1614 4550 nostro,
1645 4461 1745 4566 ]sed
1778 4461 1869 4542 allio
1897 4462 1952 4539 est

1673 4607 1680 4618 ’
1739 4590 1758 4658 “.
1811 4591 1954 4660 tantuna
