4184 5526
93 403 107 418 „
205 305 528 384 ΗΙΒΝΙΤΙΙ
554 303 626 374 ET
652 296 1063 388 BERNOULLH,
1089 295 1246 374 Errsr.
1278 297 1441 374 LXXVI.
1484 317 1553 392 389

383 739 385 744 Ι
476 566 964 698 uersuoua
1018 605 1256 695 arsur

153 821 737 949 aauuoutrrr·
793 819 907 913 no
964 751 1551 915 rerumrerum.

480 1043 751 1192 Responsro
772 1041 834 1151 ad
861 1039 1242 1190 praecedentem.

155 1289 211 1358 De
236 1277 370 1378 Infinito.
407 1283 459 1351 De
476 1297 591 1352 natura
617 1285 762 1372 corporis.
817 1283 867 1348 De
885 1283 1075 1350 Oenometro.
1129 1282 1180 1348 De
1198 1279 1258 1350 Ts
1273 1297 1427 1350 curun
1440 1296 1555 1351 nnu-

205 1401 294 1453 810.
349 1383 400 1450 De
425 1375 629 1472 lfoperimeni
654 1372 979 1463 Problfflalutr'onibus
1006 1375 1081 1465 suis.
1133 1381 1185 1448 De
1210 1375 1289 1446 linea
1311 1374 1487 1464 breviffimd
1519 1383 1554 1446 in

193 1476 354 1574 superficie
373 1499 482 1549 nova.
534 1483 585 1550 De
617 1483 797 1550 ommno
826 1469 992 1580 Parrfienfi.
1046 1481 1099 1546 De
1121 1471 1326 1563 connooerfia
1342 1474 1500 1568 fratum.

339 1755 342 1760 .
399 1661 476 1758 Vir
501 1661 797 1768 Celeberrime,
828 1653 971 1754 Fautor
1001 1661 1323 1752 Honoratilsrme.

287 1889 441 1970 actenus
458 1917 477 1970 a
496 1889 664 1972 Domino
686 1888 830 1968 Vorn
844 1913 936 1966 ano
960 1888 1095 1968 nullam
1123 1890 1244 1988 accepi
1267 1886 1552 1988 responsionem
1611 1933 1705 2015 1698

303 2034 350 2086 an
367 2005 409 2086 srt
426 2009 526 2109 quod
550 2009 644 2085 forte
671 2005 736 2107 ipsr
760 2006 1009 2096 satisfecerim,
1036 2004 1161 2112 'nescio
1186 2031 1194 2082 :
1227 2030 1460 2106 percuperem
1493 2003 1550 2084 sal·
1575 2023 1712 2136 August

152 2137 229 2202 tem
249 2122 374 2213 nolle,
408 2125 496 2226 quid
512 2129 585 2224 J'arn
611 2124 735 2201 sentiat
766 2124 811 2200 de
839 2122 897 2201 sua
917 2124 1122 2221 objectione
1149 2137 1274 2200 contra
1294 2122 1482 2202 Calculum
1502 2127 1555 2200 in-

152 2239 432 2329 finitesrmalem,
464 2266 572 2343 quarn
598 2241 827 2319 insolubilem
847 2239 1029 2334 credidit3
1060 2237 1123 2316 nist
1145 2241 1188 2316 ad
1211 2239 1410 2340 plurimum
1436 2242 1557 2318 dicen-

153 2357 204 2434 do
229 2363 248 2449 [
271 2358 338 2436 hac
357 2363 454 2436 enirn
483 2356 709 2458 responsione
739 2355 804 2434 srbi
828 2357 975 2458 ipsemet
1007 2355 1302 2447 adblandiebatur
1324 2363 1344 2448 ]
1366 2357 1557 2456 Axiomata

151 2496 222 2576 pro
247 2473 354 2553 finitis
380 2475 636 2575 quantitatibus
657 2486 797 2573 recepta
821 2497 899 2553 non
924 2473 1041 2550 valere
1067 2496 1138 2572 pro
1174 2472 1344 2580 infinitisr
1377 2477 1425 2550 ita
1449 2488 1489 2552 ut
1510 2473 1574 2550 liv
1718 2477 1748 2560 0

152 2615 200 2668 ne
221 2591 504 2672 contradislione
527 2592 602 2670 duo
620 2590 758 2667 infinita
780 2591 912 2669 censeri
943 2581 1076 2690 polsmt
1100 2582 1205 2666 srrnul
1236 2590 1381 2691 aequalia
1410 2593 1447 2666 ἀ
1469 2590 1556 2668 inae·

153 2707 297 2811 qualia,
328 2731 408 2811 pars
432 2707 563 2787 infiniti
579 2709 722 2807 aequalis
738 2711 807 2784 toti
825 2707 993 2793 infinito,
1025 2703 1192 2806 simplum
1214 2705 1349 2810 dupl0,
1367 2781 1368 2786 r
1385 2709 1452 2786 &o
1468 2707 1552 2798 Sed,

151 2823 278 2922 (curn
297 2827 410 2906 valeat
426 2827 582 2926 ubique,
612 2813 727 2901 Nihil
734 2818 852 2926 stmul
866 2819 929 2926 esse
953 2817 998 2910 ό*
1019 2847 1091 2899 non
1108 2813 1170 2921 effi
1186 2821 1318 2929 potest,
1335 2823 1356 2924 )
1376 2826 1469 2903 hanc
1483 2823 1552 2902 res·
1621 2893 1626 2904 .

152 2940 369 3047 pontionem
398 2933 535 3023 millam
565 2939 631 3020 esse
659 2938 893 3044 praevideram
924 2942 1064 3028 statim,
1095 2941 1354 3043 &genuinam
1378 2941 1553 3046 promise-

151 3080 250 3147 ram,
282 3083 391 3161 quam
404 3057 494 3137 misr.

212 3169 329 3254 Etiam
361 3175 451 3252 mibi
488 3173 709 3275 quandoque
741 3189 978 3256 occurrerunt
1015 3176 1235 3276 objectiones
1265 3173 1393 3251 similes
1433 3175 1547 3282 Tuae,
1628 3179 1630 3183 ’

153 3315 263 3396 quam
277 3292 349 3392 ipse
362 3291 448 3370 Tibi
470 3297 508 3370 in
522 3285 643 3368 Gasia
665 3291 847 3388 sonnasti3
877 3297 915 3370 dc
939 3318 1054 3393 nuper
1069 3291 1265 3371 admodum
1287 3289 1492 3370 Vnnrou
1506 3315 1550 3367 o-
1640 3365 1641 3368 ,

152 3429 269 3486 urus
293 3408 500 3510 hujusmodl
518 3409 726 3489 diluendam
748 3407 839 3486 mibi
858 3410 1115 3517 proposuerat,
1146 3411 1240 3486 circa
1252 3405 1456 3488 descensum
1466 3433 1550 3510 gra-

153 3547 268 3602 vrum.
947 3591 950 3600 .

212 3641 385 3732 Instabit,
417 3643 516 3731 scio,
547 3641 825 3723 Vomanus
849 3624 975 3744 petere
996 3643 1127 3720 claram
1150 3640 1426 3742 explicationem
1451 3643 1548 3721 illius

152 3761 269 3846 tertii,
301 3761 427 3861 quod,
459 3775 588 3860 praeter
609 3759 852 3838 extenfionem
891 3761 928 3836 dc
965 3761 1357 3862 impenetrabilitatem,
1398 3763 1551 3862 requiris

154 3875 196 3952 in
218 3874 395 3976 Corpore.
454 3876 608 3976 Regeret
628 3876 768 3968 forsan,
799 3877 936 3954 litales
956 3878 1138 3955 monades
1171 3869 1297 3958 statuas
1333 3881 1549 3980 corporibus
1651 3909 1654 3912 ·

154 3992 376 4100 peculiares,
406 3993 476 4071 live
502 3994 578 4072 illas
598 3997 765 4070 nomines
789 3993 925 4072 sormas
950 3993 1186 4072 substantiales
1201 4053 1224 4096 ,1
1244 3995 1315 4073 live
1335 4020 1391 4071 res
1412 3999 1549 4074 anima·
1574 4081 1575 4086 q

154 4109 223 4186 bus
251 4106 597 4213 [intelligentibus,
629 4135 675 4186 an
693 4110 942 4198 sentientibus,
975 4111 1077 4212 quod
1110 4111 1358 4190 Vocorao
1397 4115 1549 4214 perinde

155 4227 243 4316 est]
262 4228 454 4328 moleges,
481 4228 676 4304 monadem
705 4231 862 4306 auttoti
891 4227 1071 4330 Corpori,
1102 4243 1163 4308 aut
1177 4231 1575 4342 partiattribuendam

156 4338 249 4436 elle3
277 4368 354 4421 non
373 4349 539 4446 corpori,
570 4343 652 4445 quia
675 4347 798 4458 potest
823 4345 935 4421 drvrdr
958 4373 995 4422 rn
1023 4363 1177 4446 partera
1205 4349 1240 4427 se
1275 4362 1407 4428 mutuo
1444 4346 1545 4422 inde·

151 4458 393 4559 pendentes,⁸
433 4487 511 4545 non
542 4465 665 4566 parti,
708 4466 792 4567 quia
823 4465 954 4564 pariter
984 4467 1023 4540 in
1063 4467 1183 4567 plures
1220 4480 1335 4572 partes
1371 4464 1547 4562 indepen-

845 4579 950 4661 Ccc
1013 4603 1033 4673 a
1463 4575 1554 4668 den-
