4222 5534
283 234 588 378 tnrnnrrrr
620 285 1114 378 unsrunourrtr,
1135 279 1294 362 ense
1323 277 1433 364 xnr.
1507 293 1584 382 aar

176 439 296 528 mdo
316 437 564 528 Problemata,
597 437 757 539 qualine
788 435 844 514 Te
872 434 1059 514 nouiffime
1082 453 1339 538 proponuntur
1370 461 1446 516 non
1475 453 1596 539 puto.
1636 457 1732 538 1697

178 551 296 634 Etiam
323 556 491 636 Domino
519 553 765 635 Huosnro.
790 553 872 636 tuiia
902 553 1066 654 quaedam
1091 553 1325 654 exposuerat,
1359 559 1478 654 (nam
1511 556 1579 634 hac
1610 550 1748 646 Januff·

175 672 347 751 transiens
371 672 416 751 ad
444 671 593 752 Batavos
619 673 787 776 tendebat
795 687 811 765 ‘3
838 670 860 764 “)
878 669 937 747 sed
960 673 989 748 is
1009 671 1100 747 mihi
1126 667 1281 770 scripsit,
1315 672 1348 748 se
1365 672 1399 750 se
1430 695 1577 772 magnas

175 791 477 892 consequentias,
510 815 597 891 quas
624 779 754 869 exinde
787 788 964 866 deducere
990 787 1099 865 vellet
1127 786 1316 896 Dominus
1351 789 1522 900 Tsongr
1536 815 1580 870 n-

178 927 362 996 unnus,
390 904 474 984 i'ron
495 907 628 984 'videre
723 988 728 995 ,
988 901 995 910 ’
1041 897 1045 906 ’
1209 899 1214 904 ’

236 1022 422 1104 Dominus
444 1023 710 1126 Gnonrnor
725 1047 776 1102 us
802 1022 894 1101 nihil
919 1017 977 1102 vel
998 1022 1049 1100 dev
1069 1019 1144 1111 Te,
1179 1019 1303 1101 uelde
1328 1015 1587 1125 Manuscriptie

176 1131 425 1247 Hagendarris:
457 1140 556 1219 unde
577 1165 648 1240 ego
667 1164 815 1242 quoque
839 1135 1051 1220 dissimulati
1071 1137 1153 1218 talia
1180 1141 1272 1216 mihi
1292 1165 1339 1217 ex
1358 1140 1414 1220 Te
1433 1137 1499 1218 eise
1515 1166 1581 1219 no·

170 1269 244 1345 ta,
277 1281 357 1358 quae
384 1257 456 1358 ipse
485 1261 659 1358 attingere
679 1249 853 1337 noluerat.
885 1256 1080 1336 Praesertim
1100 1279 1185 1334 curn
1209 1257 1244 1333 se
1265 1257 1299 1334 se
1322 1281 1455 1336 novam
1474 1249 1581 1336 Nen-

174 1376 315 1454 renim
348 1375 480 1476 Operis
508 1375 707 1453 editionem
738 1375 860 1452 moliri
885 1373 1085 1472 scripserit:
1118 1397 1227 1475 quam
1251 1387 1373 1453 tamen
1403 1373 1577 1462 dissuasi,

176 1491 280 1594 quod
303 1492 349 1570 de
370 1517 409 1570 ea
428 1495 588 1593 cogitare
613 1493 915 1570 Nswsouunr
941 1489 1057 1590 ipsum
1085 1487 1339 1592 intellexissem,
1399 1489 1446 1584 Et
1472 1491 1581 1594 suspi-

175 1632 244 1686 cor
270 1599 486 1715 Hageniaena
506 1611 557 1687 ibi
577 1609 727 1708 adjicere
744 1603 901 1687 voluisse.
963 1606 1080 1702 Quod
1105 1605 1131 1684 s1
1152 1611 1283 1704 iterum
1299 1609 1445 1700 scribat,
1478 1609 1579 1688 vide-

175 1727 229 1804 bo
253 1721 298 1802 an
328 1728 524 1805 commode
548 1723 689 1803 efficere
711 1723 858 1826 possim,
891 1739 932 1803 ut
955 1724 1032 1802 haec
1056 1728 1162 1802 nobis
1185 1731 1455 1822 communicem
1488 1751 1578 1826 pras-

175 1842 297 1920 sertim
323 1841 349 1920 fi
373 1843 540 1922 editionis
575 1846 835 1943 cogitationem
868 1841 1080 1942 deposuerit.
1141 1839 1213 1922 Etsi
1257 1857 1376 1922 autem
1408 1841 1534 1922 serious
1559 1851 1574 1933 ',

175 1957 418 2068 potuisserme
444 1959 640 2059 significare
669 1959 733 2059 ipsi
762 1957 866 2068 usum
902 1959 1086 2060 Cycluidis
1114 1959 1159 2036 ad
1194 1959 1386 2038 'Problema
1415 1959 1577 2055 Tuum;
1649 2047 1654 2060 ⁸

175 2099 250 2176 ego
280 2091 399 2154 tamen
427 2069 454 2153 fi
479 2069 663 2165 fecissem,
695 2073 751 2154 Te
780 2075 1007 2164 inconsulto,
1039 2074 1212 2177 putassem
1238 2075 1354 2156 secisse
1376 2105 1435 2155 me
1458 2101 1578 2178 repre-

175 2189 419 2296 henfibiliter:
452 2217 516 2272 cur
537 2197 635 2270 enim
659 2217 828 2272 arcanum
847 2208 952 2273 tuum
976 2191 1042 2294 ipfi
1067 2194 1274 2282 crederem,
1308 2196 1410 2296 quod
1427 2193 1577 2300 sripsrus

175 2310 369 2411 negledu,
402 2311 460 2388 vel
484 2310 630 2400 studio,
664 2308 708 2389 ad
732 2313 819 2389 alios
838 2325 1046 2399 emanaret,
1079 2311 1211 2389 merito
1234 2311 1280 2388 de
1298 2336 1358 2388 me
1389 2315 1490 2414 queri
1508 2310 1578 2412 po·'

174 2425 307 2506 tuisses.
338 2429 419 2506 Nec
441 2428 547 2504 refert
569 2427 670 2530 quod
695 2427 755 2505 ille
773 2427 925 2508 Librum
945 2427 1049 2506 suum
1078 2415 1152 2505 tarn
1181 2426 1300 2507 subito
1324 2429 1483 2508 editurus
1498 2451 1578 2506 non

175 2545 230 2630 est
237 2569 249 2640 3
281 2541 460 2645 potuisset·
474 2548 571 2622 enim
589 2569 666 2624 rem
689 2543 764 2622 aliis
792 2549 1059 2626 communicare
1083 2545 1183 2624 aliter
1202 2567 1310 2648 quam
1332 2570 1398 2649 per
1417 2545 1572 2638 librum,
1602 2569 1606 2574 ·

175 2661 833 2742 mffiffifflfflms·

236 2896 835 2977 Nrcuwsnsrrrruscontra
857 2881 1160 2980 Cu'rrvsnrun
1183 2903 1222 2976 in
1248 2895 1576 2999 primissuisopus·

173 3013 268 3096 culis
290 3013 431 3117 scripsit
487 3015 534 3104 ‚ld
556 3030 647 3115 putu
667 3001 836 3095 Domino
862 3017 1128 3096 Ctuvnnro
1155 3041 1232 3094 non
1256 3015 1335 3093 satis
1357 3011 1424 3092 esse
1449 3014 1576 3113 explo-

173 3146 322 3228 1atom3
352 3133 486 3235 alioqui
510 3130 651 3212 sortasse
681 3132 923 3234 respondisset.
981 3133 1096 3241 quue
1124 3159 1203 3216 non
1240 3129 1480 3233 injucundum
1507 3125 1575 3218 esse

173 3251 367 3354 frnurum3
396 3247 560 3332 simodo
582 3252 753 3332 acerbitas
775 3250 871 3334 absit.
1474 3239 1478 3246 ⁴
