<?xml version="1.0" encoding="UTF-8"?>
<!DOCTYPE html PUBLIC "-//W3C//DTD XHTML 1.0 Transitional//EN"
    "http://www.w3.org/TR/xhtml1/DTD/xhtml1-transitional.dtd">
<html xmlns="http://www.w3.org/1999/xhtml" xml:lang="en" lang="en">
 <head>
  <title>
</title>
<meta http-equiv="Content-Type" content="text/html;charset=utf-8" />
  <meta name='ocr-system' content='tesseract 3.04.00' />
  <meta name='ocr-capabilities' content='ocr_page ocr_carea ocr_par ocr_line ocrx_word'/>
</head>
<body>
  <div class='ocr_page' id='page_1' title='image "./virorumceleberr00bousgoog_0441.png"; bbox 0 0 4184 5526; ppageno 0'>
   <div class='ocr_carea' id='block_1_1' title="bbox 535 255 1762 401">
    <p class='ocr_par' dir='ltr' id='par_1_1' title="bbox 535 255 1762 401">
     <span class='ocr_line' id='line_1_1' title="bbox 535 255 1762 401; baseline 0 -19"><span class='ocrx_word' id='word_1_1' title='bbox 535 327 608 401; x_wconf 73' lang='lat'>370</span> <span class='ocrx_word' id='word_1_2' title='bbox 718 255 1762 400; x_wconf 67' lang='lat' dir='ltr'>coriariorumarrsroirau&#39;n</span> 
     </span>
    </p>
   </div>
   <div class='ocr_carea' id='block_1_2' title="bbox 376 441 2064 2084">
    <p class='ocr_par' dir='ltr' id='par_1_2' title="bbox 376 441 1924 557">
     <span class='ocr_line' id='line_1_2' title="bbox 376 441 1924 557; baseline 0.004 -27"><span class='ocrx_word' id='word_1_3' title='bbox 376 451 473 530; x_wconf 78' lang='lat'>1698</span> <span class='ocrx_word' id='word_1_4' title='bbox 592 441 971 557; x_wconf 56' lang='lat' dir='ltr'>conscripserat&#39;olim</span> <span class='ocrx_word' id='word_1_5' title='bbox 991 455 1175 536; x_wconf 85' lang='lat' dir='ltr'><strong>Dominus</strong></span> <span class='ocrx_word' id='word_1_6' title='bbox 1208 457 1513 534; x_wconf 78' lang='lat' dir='ltr'>lllnnroruus</span> <span class='ocrx_word' id='word_1_7' title='bbox 1550 457 1713 536; x_wconf 89' lang='lat' dir='ltr'>libellum</span> <span class='ocrx_word' id='word_1_8' title='bbox 1748 459 1924 537; x_wconf 90' lang='lat' dir='ltr'>mechani-</span> 
     </span>
    </p>

    <p class='ocr_par' dir='ltr' id='par_1_3' title="bbox 398 543 2064 2084">
     <span class='ocr_line' id='line_1_3' title="bbox 398 543 1926 676; baseline -0.001 -23"><span class='ocrx_word' id='word_1_9' title='bbox 398 543 478 636; x_wconf 69' lang='lat' dir='ltr'>Jun&#39;</span> <span class='ocrx_word' id='word_1_10' title='bbox 532 599 618 654; x_wconf 88' lang='lat' dir='ltr'>cum</span> <span class='ocrx_word' id='word_1_11' title='bbox 638 577 676 650; x_wconf 94' lang='lat' dir='ltr'>in</span> <span class='ocrx_word' id='word_1_12' title='bbox 704 574 807 652; x_wconf 93' lang='lat' dir='ltr'>usum</span> <span class='ocrx_word' id='word_1_13' title='bbox 839 573 1150 675; x_wconf 85' lang='lat' dir='ltr'>Ingeniariorum‚</span> <span class='ocrx_word' id='word_1_14' title='bbox 1183 577 1219 649; x_wconf 94' lang='lat' dir='ltr'>in</span> <span class='ocrx_word' id='word_1_15' title='bbox 1246 598 1321 676; x_wconf 94' lang='lat' dir='ltr'>quo</span> <span class='ocrx_word' id='word_1_16' title='bbox 1344 575 1571 675; x_wconf 82' lang='lat' dir='ltr'><strong>proponebat</strong></span> <span class='ocrx_word' id='word_1_17' title='bbox 1610 579 1849 676; x_wconf 82' lang='lat' dir='ltr'>experimenta</span> <span class='ocrx_word' id='word_1_18' title='bbox 1883 579 1926 654; x_wconf 91' lang='lat' dir='ltr'>ad</span> 
     </span>
     <span class='ocr_line' id='line_1_4' title="bbox 530 691 1927 802; baseline 0.001 -33"><span class='ocrx_word' id='word_1_19' title='bbox 530 695 673 802; x_wconf 63' lang='lat' dir='ltr'>praedm</span> <span class='ocrx_word' id='word_1_20' title='bbox 694 691 791 772; x_wconf 90' lang='lat' dir='ltr'>utilia</span> <span class='ocrx_word' id='word_1_21' title='bbox 800 720 811 789; x_wconf 83' lang='lat'>3</span> <span class='ocrx_word' id='word_1_22' title='bbox 843 696 944 774; x_wconf 82' lang='lat' dir='ltr'>uerbi</span> <span class='ocrx_word' id='word_1_23' title='bbox 973 697 1108 792; x_wconf 88' lang='lat' dir='ltr'>gratia,</span> <span class='ocrx_word' id='word_1_24' title='bbox 1143 707 1318 792; x_wconf 88' lang='lat' dir='ltr'>quantum</span> <span class='ocrx_word' id='word_1_25' title='bbox 1341 693 1486 792; x_wconf 89' lang='lat' dir='ltr'>pondus</span> <span class='ocrx_word' id='word_1_26' title='bbox 1518 691 1708 770; x_wconf 85' lang='lat' dir='ltr'>sustineant</span> <span class='ocrx_word' id='word_1_27' title='bbox 1720 696 1838 794; x_wconf 84' lang='lat' dir='ltr'>tigna,</span> <span class='ocrx_word' id='word_1_28' title='bbox 1859 694 1927 772; x_wconf 85' lang='lat' dir='ltr'>sca-</span> 
     </span>
     <span class='ocr_line' id='line_1_5' title="bbox 534 807 2064 913; baseline 0.002 -24"><span class='ocrx_word' id='word_1_29' title='bbox 534 809 604 898; x_wconf 86' lang='lat' dir='ltr'>lae,</span> <span class='ocrx_word' id='word_1_30' title='bbox 637 807 742 899; x_wconf 81' lang='lat' dir='ltr'>saxa,</span> <span class='ocrx_word' id='word_1_31' title='bbox 775 812 914 913; x_wconf 86' lang='lat' dir='ltr'>aliaque</span> <span class='ocrx_word' id='word_1_32' title='bbox 941 811 978 887; x_wconf 93' lang='lat' dir='ltr'>id</span> <span class='ocrx_word' id='word_1_33' title='bbox 996 835 1119 910; x_wconf 86' lang='lat' dir='ltr'>genus.</span> <span class='ocrx_word' id='word_1_34' title='bbox 1181 809 1339 888; x_wconf 89' lang='lat' dir='ltr'><strong>Libellus</strong></span> <span class='ocrx_word' id='word_1_35' title='bbox 1362 811 1425 887; x_wconf 86' lang='lat' dir='ltr'>iste</span> <span class='ocrx_word' id='word_1_36' title='bbox 1446 833 1634 910; x_wconf 87' lang='lat' dir='ltr'>nunquam</span> <span class='ocrx_word' id='word_1_37' title='bbox 1670 811 1740 888; x_wconf 84' lang='lat' dir='ltr'>fuit</span> <span class='ocrx_word' id='word_1_38' title='bbox 1778 811 1927 898; x_wconf 83' lang='lat' dir='ltr'>editus,</span> <span class='ocrx_word' id='word_1_39' title='bbox 2063 858 2064 892; x_wconf 63' lang='grc' dir='ltr'><strong>ι</strong></span> 
     </span>
     <span class='ocr_line' id='line_1_6' title="bbox 536 925 2064 1034; baseline -0.003 -31"><span class='ocrx_word' id='word_1_40' title='bbox 536 925 638 1029; x_wconf 91' lang='lat' dir='ltr'>quod</span> <span class='ocrx_word' id='word_1_41' title='bbox 662 925 798 1005; x_wconf 77' lang='lat' dir='ltr'>Austor</span> <span class='ocrx_word' id='word_1_42' title='bbox 827 943 945 1007; x_wconf 89' lang='lat' dir='ltr'>morte</span> <span class='ocrx_word' id='word_1_43' title='bbox 964 943 1164 1034; x_wconf 87' lang='lat' dir='ltr'>praeventus</span> <span class='ocrx_word' id='word_1_44' title='bbox 1193 925 1300 1022; x_wconf 82' lang='lat' dir='ltr'>effet3</span> <span class='ocrx_word' id='word_1_45' title='bbox 1332 951 1408 1004; x_wconf 93' lang='lat' dir='ltr'>non</span> <span class='ocrx_word' id='word_1_46' title='bbox 1445 927 1575 1005; x_wconf 91' lang='lat' dir='ltr'>dubito</span> <span class='ocrx_word' id='word_1_47' title='bbox 1609 943 1730 1006; x_wconf 87' lang='lat' dir='ltr'>tamen</span> <span class='ocrx_word' id='word_1_48' title='bbox 1765 933 1852 1027; x_wconf 92' lang='lat' dir='ltr'>quin</span> <span class='ocrx_word' id='word_1_49' title='bbox 1890 933 1927 1003; x_wconf 87' lang='lat' dir='ltr'>in</span> <span class='ocrx_word' id='word_1_50' title='bbox 2063 979 2064 998; x_wconf 63' lang='grc'>,</span> 
     </span>
     <span class='ocr_line' id='line_1_7' title="bbox 535 1041 1926 1146; baseline -0.002 -22"><span class='ocrx_word' id='word_1_51' title='bbox 535 1041 803 1124; x_wconf 92' lang='lat' dir='ltr'>nonnullorum</span> <span class='ocrx_word' id='word_1_52' title='bbox 827 1044 982 1123; x_wconf 86' lang='lat' dir='ltr'>versetur</span> <span class='ocrx_word' id='word_1_53' title='bbox 1008 1047 1183 1123; x_wconf 87' lang='lat' dir='ltr'>manibus.</span> <span class='ocrx_word' id='word_1_54' title='bbox 1243 1045 1279 1122; x_wconf 90' lang='lat' dir='ltr'>Si</span> <span class='ocrx_word' id='word_1_55' title='bbox 1303 1041 1416 1146; x_wconf 89' lang='lat' dir='ltr'>pulset</span> <span class='ocrx_word' id='word_1_56' title='bbox 1435 1046 1644 1146; x_wconf 85' lang='lat' dir='ltr'>impetrari,</span> <span class='ocrx_word' id='word_1_57' title='bbox 1677 1069 1748 1146; x_wconf 87' lang='lat' dir='ltr'>ego</span> <span class='ocrx_word' id='word_1_58' title='bbox 1778 1044 1926 1124; x_wconf 81' lang='lat' dir='ltr'>libenter</span> 
     </span>
     <span class='ocr_line' id='line_1_8' title="bbox 536 1161 971 1260; baseline 0.005 -22"><span class='ocrx_word' id='word_1_59' title='bbox 536 1161 698 1260; x_wconf 81' lang='lat' dir='ltr'>sumptus</span> <span class='ocrx_word' id='word_1_60' title='bbox 723 1163 971 1260; x_wconf 79' lang='lat' dir='ltr'>persolverem</span> 
     </span>
     <span class='ocr_line' id='line_1_9' title="bbox 559 1277 1928 1382; baseline -0.001 -24"><span class='ocrx_word' id='word_1_61' title='bbox 559 1293 563 1300; x_wconf 86' lang='lat'>&#39;</span> <span class='ocrx_word' id='word_1_62' title='bbox 595 1277 748 1382; x_wconf 89' lang='lat' dir='ltr'><strong>Optime</strong></span> <span class='ocrx_word' id='word_1_63' title='bbox 778 1280 879 1370; x_wconf 89' lang='lat' dir='ltr'><strong>facis,</strong></span> <span class='ocrx_word' id='word_1_64' title='bbox 913 1281 950 1357; x_wconf 72' lang='grc' dir='ltr'><strong>ἃ</strong></span> <span class='ocrx_word' id='word_1_65' title='bbox 976 1303 1020 1356; x_wconf 85' lang='lat' dir='ltr'>ex</span> <span class='ocrx_word' id='word_1_66' title='bbox 1043 1278 1249 1380; x_wconf 79' lang='lat' dir='ltr'><strong>condigne,</strong></span> <span class='ocrx_word' id='word_1_67' title='bbox 1283 1279 1384 1380; x_wconf 90' lang='lat' dir='ltr'>quod</span> <span class='ocrx_word' id='word_1_68' title='bbox 1413 1303 1546 1356; x_wconf 83' lang='lat' dir='ltr'>novam</span> <span class='ocrx_word' id='word_1_69' title='bbox 1588 1277 1851 1357; x_wconf 85' lang='lat' dir='ltr'>differentiandi</span> <span class='ocrx_word' id='word_1_70' title='bbox 1879 1303 1928 1357; x_wconf 85' lang='lat' dir='ltr'>ra·</span> 
     </span>
     <span class='ocr_line' id='line_1_10' title="bbox 536 1395 1929 1501; baseline -0.001 -27"><span class='ocrx_word' id='word_1_71' title='bbox 536 1399 677 1474; x_wconf 89' lang='lat' dir='ltr'>tionem</span> <span class='ocrx_word' id='word_1_72' title='bbox 703 1419 766 1496; x_wconf 88' lang='lat' dir='ltr'>per</span> <span class='ocrx_word' id='word_1_73' title='bbox 789 1397 942 1476; x_wconf 89' lang='lat' dir='ltr'>summas</span> <span class='ocrx_word' id='word_1_74' title='bbox 973 1395 1367 1476; x_wconf 87' lang='lat' dir='ltr'>differentiuncularum</span> <span class='ocrx_word' id='word_1_75' title='bbox 1385 1401 1544 1501; x_wconf 89' lang='lat' dir='ltr'>premis,</span> <span class='ocrx_word' id='word_1_76' title='bbox 1566 1395 1716 1500; x_wconf 84' lang='lat' dir='ltr'>quodsi</span> <span class='ocrx_word' id='word_1_77' title='bbox 1751 1397 1847 1473; x_wconf 80' lang='lat' dir='ltr'>sorte</span> <span class='ocrx_word' id='word_1_78' title='bbox 1872 1421 1929 1474; x_wconf 91' lang='lat' dir='ltr'>ur-</span> 
     </span>
     <span class='ocr_line' id='line_1_11' title="bbox 538 1507 1927 1619; baseline 0 -29"><span class='ocrx_word' id='word_1_79' title='bbox 538 1528 624 1614; x_wconf 86' lang='lat' dir='ltr'>geat</span> <span class='ocrx_word' id='word_1_80' title='bbox 657 1509 774 1591; x_wconf 90' lang='lat' dir='ltr'><strong>Dnus.</strong></span> <span class='ocrx_word' id='word_1_81' title='bbox 817 1507 998 1593; x_wconf 76' lang='lat' dir='ltr'>Marcha&#39;e</span> <span class='ocrx_word' id='word_1_82' title='bbox 1040 1511 1363 1592; x_wconf 77' lang='lat' dir='ltr'>Hoserrarru</span> <span class='ocrx_word' id='word_1_83' title='bbox 1380 1541 1419 1602; x_wconf 86' lang='lat' dir='ltr'>s,</span> <span class='ocrx_word' id='word_1_84' title='bbox 1460 1519 1595 1619; x_wconf 90' lang='lat' dir='ltr'>poteris</span> <span class='ocrx_word' id='word_1_85' title='bbox 1636 1539 1721 1592; x_wconf 88' lang='lat' dir='ltr'>eum</span> <span class='ocrx_word' id='word_1_86' title='bbox 1741 1517 1927 1592; x_wconf 78' lang='lat' dir='ltr'>¹remittere</span> 
     </span>
     <span class='ocr_line' id='line_1_12' title="bbox 534 1631 1927 1736; baseline 0 -28"><span class='ocrx_word' id='word_1_87' title='bbox 534 1631 585 1708; x_wconf 78' lang='lat' dir='ltr'>a&#39;d</span> <span class='ocrx_word' id='word_1_88' title='bbox 612 1655 680 1706; x_wconf 89' lang='lat' dir='ltr'>me.</span> <span class='ocrx_word' id='word_1_89' title='bbox 746 1631 862 1710; x_wconf 83' lang='lat' dir='ltr'>Miror</span> <span class='ocrx_word' id='word_1_90' title='bbox 888 1657 973 1710; x_wconf 91' lang='lat' dir='ltr'>eum</span> <span class='ocrx_word' id='word_1_91' title='bbox 992 1647 1065 1708; x_wconf 87' lang='lat' dir='ltr'>tarn</span> <span class='ocrx_word' id='word_1_92' title='bbox 1090 1631 1256 1736; x_wconf 86' lang='lat' dir='ltr'>inaequali</span> <span class='ocrx_word' id='word_1_93' title='bbox 1281 1635 1419 1708; x_wconf 89' lang='lat' dir='ltr'>ratione</span> <span class='ocrx_word' id='word_1_94' title='bbox 1452 1655 1539 1710; x_wconf 94' lang='lat' dir='ltr'>cum</span> <span class='ocrx_word' id='word_1_95' title='bbox 1567 1633 1689 1709; x_wconf 88' lang='lat' dir='ltr'>amicis</span> <span class='ocrx_word' id='word_1_96' title='bbox 1722 1655 1855 1732; x_wconf 90' lang='lat' dir='ltr'>agere,</span> <span class='ocrx_word' id='word_1_97' title='bbox 1890 1649 1927 1708; x_wconf 92' lang='lat' dir='ltr'>ut</span> 
     </span>
     <span class='ocr_line' id='line_1_13' title="bbox 539 1745 1929 1847; baseline 0 -23"><span class='ocrx_word' id='word_1_98' title='bbox 539 1771 639 1826; x_wconf 89' lang='lat' dir='ltr'>nunc</span> <span class='ocrx_word' id='word_1_99' title='bbox 668 1752 790 1847; x_wconf 85' lang='lat' dir='ltr'>magni</span> <span class='ocrx_word' id='word_1_100' title='bbox 818 1775 880 1827; x_wconf 85' lang='lat' dir='ltr'>eos</span> <span class='ocrx_word' id='word_1_101' title='bbox 904 1749 1041 1837; x_wconf 82' lang='lat' dir='ltr'>facere,</span> <span class='ocrx_word' id='word_1_102' title='bbox 1072 1774 1170 1827; x_wconf 94' lang='lat' dir='ltr'><strong>nunc</strong></span> <span class='ocrx_word' id='word_1_103' title='bbox 1198 1771 1326 1827; x_wconf 89' lang='lat' dir='ltr'>eorum</span> <span class='ocrx_word' id='word_1_104' title='bbox 1363 1745 1525 1827; x_wconf 79' lang='lat' dir='ltr'>oblivisci</span> <span class='ocrx_word' id='word_1_105' title='bbox 1569 1749 1739 1828; x_wconf 85' lang='lat' dir='ltr'>videatur.</span> <span class='ocrx_word' id='word_1_106' title='bbox 1799 1747 1929 1827; x_wconf 90' lang='lat' dir='ltr'>Domi-</span> 
     </span>
     <span class='ocr_line' id='line_1_14' title="bbox 533 1857 1927 1968; baseline 0.006 -34"><span class='ocrx_word' id='word_1_107' title='bbox 533 1889 629 1944; x_wconf 88' lang='lat' dir='ltr'>num</span> <span class='ocrx_word' id='word_1_108' title='bbox 651 1857 817 1941; x_wconf 81' lang='lat' dir='ltr'><em>Fratrem</em></span> <span class='ocrx_word' id='word_1_109' title='bbox 840 1865 963 1946; x_wconf 87' lang='lat' dir='ltr'>Tuum</span> <span class='ocrx_word' id='word_1_110' title='bbox 980 1869 1120 1966; x_wconf 84' lang='lat' dir='ltr'>praestat</span> <span class='ocrx_word' id='word_1_111' title='bbox 1145 1865 1189 1942; x_wconf 87' lang='lat' dir='ltr'>ad</span> <span class='ocrx_word' id='word_1_112' title='bbox 1219 1867 1285 1943; x_wconf 87' lang='lat' dir='ltr'>alia</span> <span class='ocrx_word' id='word_1_113' title='bbox 1315 1869 1436 1967; x_wconf 88' lang='lat' dir='ltr'>potius</span> <span class='ocrx_word' id='word_1_114' title='bbox 1460 1866 1649 1968; x_wconf 83' lang='lat' dir='ltr'>quaerenda</span> <span class='ocrx_word' id='word_1_115' title='bbox 1674 1867 1792 1943; x_wconf 89' lang='lat' dir='ltr'>adhuc</span> <span class='ocrx_word' id='word_1_116' title='bbox 1811 1863 1927 1961; x_wconf 78' lang='lat' dir='ltr'>flesti3</span> 
     </span>
     <span class='ocr_line' id='line_1_15' title="bbox 539 1980 1927 2084; baseline 0 -26"><span class='ocrx_word' id='word_1_117' title='bbox 539 2007 624 2060; x_wconf 87' lang='lat' dir='ltr'><strong>narn</strong></span> <span class='ocrx_word' id='word_1_118' title='bbox 654 1980 681 2057; x_wconf 88' lang='lat' dir='ltr'>sr</span> <span class='ocrx_word' id='word_1_119' title='bbox 708 1983 909 2084; x_wconf 83' lang='lat' dir='ltr'>detegeret,</span> <span class='ocrx_word' id='word_1_120' title='bbox 942 1981 1084 2060; x_wconf 87' lang='lat' dir='ltr'>sortasse</span> <span class='ocrx_word' id='word_1_121' title='bbox 1107 1985 1252 2060; x_wconf 87' lang='lat' dir='ltr'>statim</span> <span class='ocrx_word' id='word_1_122' title='bbox 1243 2009 1279 2061; x_wconf 91' lang='lat' dir='ltr'>m</span> <span class='ocrx_word' id='word_1_123' title='bbox 1305 1984 1425 2063; x_wconf 90' lang='lat' dir='ltr'>lucem</span> <span class='ocrx_word' id='word_1_124' title='bbox 1444 1985 1693 2084; x_wconf 88' lang='lat' dir='ltr'>protruderet,</span> <span class='ocrx_word' id='word_1_125' title='bbox 1727 1996 1769 2061; x_wconf 89' lang='lat' dir='ltr'>ut</span> <span class='ocrx_word' id='word_1_126' title='bbox 1787 1981 1902 2060; x_wconf 84' lang='lat' dir='ltr'>fecit</span> <span class='ocrx_word' id='word_1_127' title='bbox 1893 2008 1927 2059; x_wconf 91' lang='lat' dir='ltr'>m</span> 
     </span>
    </p>
   </div>
   <div class='ocr_carea' id='block_1_3' title="bbox 387 2099 2064 2791">
    <p class='ocr_par' dir='ltr' id='par_1_4' title="bbox 387 2099 2064 2791">
     <span class='ocr_line' id='line_1_16' title="bbox 542 2099 1938 2206; baseline 0.001 -30"><span class='ocrx_word' id='word_1_128' title='bbox 542 2099 728 2178; x_wconf 84' lang='lat' dir='ltr'>Methodo</span> <span class='ocrx_word' id='word_1_129' title='bbox 754 2101 884 2178; x_wconf 73' lang='lat' dir='ltr'>diretta</span> <span class='ocrx_word' id='word_1_130' title='bbox 910 2125 982 2206; x_wconf 86' lang='lat' dir='ltr'>pro</span> <span class='ocrx_word' id='word_1_131' title='bbox 1018 2100 1120 2178; x_wconf 84' lang='lat' dir='ltr'>lineis</span> <span class='ocrx_word' id='word_1_132' title='bbox 1162 2103 1362 2180; x_wconf 88' lang='lat' dir='ltr'>maximum</span> <span class='ocrx_word' id='word_1_133' title='bbox 1402 2103 1667 2202; x_wconf 71' lang='lat' dir='ltr'>prestantibus,</span> <span class='ocrx_word' id='word_1_134' title='bbox 1707 2123 1818 2203; x_wconf 87' lang='lat' dir='ltr'>quam</span> <span class='ocrx_word' id='word_1_135' title='bbox 1849 2099 1938 2177; x_wconf 81' lang='lat' dir='ltr'>alias·</span> 
     </span>
     <span class='ocr_line' id='line_1_17' title="bbox 387 2203 1997 2298; baseline 0.001 -4"><span class='ocrx_word' id='word_1_136' title='bbox 387 2211 404 2240; x_wconf 85' lang='lat'><em>&#39;</em></span> <span class='ocrx_word' id='word_1_137' title='bbox 545 2209 686 2294; x_wconf 79' lang='lat' dir='ltr'>sortasse</span> <span class='ocrx_word' id='word_1_138' title='bbox 718 2215 1018 2296; x_wconf 87' lang='lat' dir='ltr'>nondumnosset</span> <span class='ocrx_word' id='word_1_139' title='bbox 1042 2217 1159 2297; x_wconf 87' lang='lat' dir='ltr'>Dnus</span> <span class='ocrx_word' id='word_1_140' title='bbox 1191 2217 1546 2298; x_wconf 76' lang='lat' dir='ltr'>Hosrrrnrrus</span> <span class='ocrx_word' id='word_1_141' title='bbox 1990 2203 1997 2220; x_wconf 62' lang='lat'>⁸</span> 
     </span>
     <span class='ocr_line' id='line_1_18' title="bbox 602 2331 1924 2439; baseline 0.002 -29"><span class='ocrx_word' id='word_1_142' title='bbox 602 2331 645 2411; x_wconf 94' lang='lat' dir='ltr'>In</span> <span class='ocrx_word' id='word_1_143' title='bbox 686 2334 787 2414; x_wconf 92' lang='lat' dir='ltr'><strong>Dno.</strong></span> <span class='ocrx_word' id='word_1_144' title='bbox 827 2335 1165 2414; x_wconf 79' lang='lat' dir='ltr'><strong>Vnnrouonro</strong></span> <span class='ocrx_word' id='word_1_145' title='bbox 1215 2337 1435 2414; x_wconf 89' lang='lat' dir='ltr'>laudandum</span> <span class='ocrx_word' id='word_1_146' title='bbox 1487 2337 1558 2423; x_wconf 88' lang='lat' dir='ltr'>est</span> <span class='ocrx_word' id='word_1_147' title='bbox 1602 2333 1703 2439; x_wconf 91' lang='lat' dir='ltr'>quod</span> <span class='ocrx_word' id='word_1_148' title='bbox 1735 2335 1924 2436; x_wconf 80' lang='lat' dir='ltr'>agnoscere</span> 
     </span>
     <span class='ocr_line' id='line_1_19' title="bbox 541 2451 2064 2566; baseline 0.001 -39"><span class='ocrx_word' id='word_1_149' title='bbox 541 2451 684 2530; x_wconf 84' lang='lat' dir='ltr'>videtur</span> <span class='ocrx_word' id='word_1_150' title='bbox 704 2469 879 2556; x_wconf 91' lang='lat' dir='ltr'>quantum</span> <span class='ocrx_word' id='word_1_151' title='bbox 911 2453 998 2532; x_wconf 88' lang='lat' dir='ltr'>Tibi</span> <span class='ocrx_word' id='word_1_152' title='bbox 1020 2454 1174 2542; x_wconf 88' lang='lat' dir='ltr'>debeat,</span> <span class='ocrx_word' id='word_1_153' title='bbox 1205 2451 1402 2556; x_wconf 88' lang='lat' dir='ltr'>officiisque</span> <span class='ocrx_word' id='word_1_154' title='bbox 1430 2453 1467 2530; x_wconf 95' lang='lat' dir='ltr'>id</span> <span class='ocrx_word' id='word_1_155' title='bbox 1490 2455 1606 2532; x_wconf 84' lang='lat' dir='ltr'>testari</span> <span class='ocrx_word' id='word_1_156' title='bbox 1637 2457 1765 2552; x_wconf 81' lang='lat' dir='ltr'>pergit</span> <span class='ocrx_word' id='word_1_157' title='bbox 1778 2512 1927 2530; x_wconf 91' lang='grc'><strong>......</strong></span> <span class='ocrx_word' id='word_1_158' title='bbox 2063 2525 2064 2566; x_wconf 28' lang='lat'>3</span> 
     </span>
     <span class='ocr_line' id='line_1_20' title="bbox 543 2569 1928 2674; baseline 0.001 -30"><span class='ocrx_word' id='word_1_159' title='bbox 543 2626 649 2646; x_wconf 88' lang='lat'><strong>.....</strong></span> <span class='ocrx_word' id='word_1_160' title='bbox 667 2631 676 2648; x_wconf 89' lang='lat'><strong>.</strong></span> <span class='ocrx_word' id='word_1_161' title='bbox 694 2627 769 2647; x_wconf 87' lang='lat'><strong>....</strong></span> <span class='ocrx_word' id='word_1_162' title='bbox 806 2570 971 2669; x_wconf 85' lang='lat' dir='ltr'><strong>Agnosco</strong></span> <span class='ocrx_word' id='word_1_163' title='bbox 995 2575 1134 2668; x_wconf 82' lang='lat' dir='ltr'>exejus</span> <span class='ocrx_word' id='word_1_164' title='bbox 1154 2569 1402 2671; x_wconf 77' lang='lat' dir='ltr'>responsione,</span> <span class='ocrx_word' id='word_1_165' title='bbox 1441 2571 1498 2648; x_wconf 88' lang='lat' dir='ltr'>Te</span> <span class='ocrx_word' id='word_1_166' title='bbox 1535 2569 1701 2674; x_wconf 85' lang='lat' dir='ltr'>quaedam</span> <span class='ocrx_word' id='word_1_167' title='bbox 1733 2569 1778 2648; x_wconf 91' lang='lat' dir='ltr'>ad</span> <span class='ocrx_word' id='word_1_168' title='bbox 1815 2569 1928 2671; x_wconf 88' lang='lat' dir='ltr'>ipsum</span> 
     </span>
     <span class='ocr_line' id='line_1_21' title="bbox 539 2683 1928 2791; baseline -0.001 -31"><span class='ocrx_word' id='word_1_169' title='bbox 539 2683 704 2791; x_wconf 83' lang='lat' dir='ltr'>scripsisse</span> <span class='ocrx_word' id='word_1_170' title='bbox 726 2688 908 2787; x_wconf 85' lang='lat' dir='ltr'>profunda</span> <span class='ocrx_word' id='word_1_171' title='bbox 935 2691 973 2764; x_wconf 71' lang='grc' dir='ltr'><strong>δι</strong></span> <span class='ocrx_word' id='word_1_172' title='bbox 1000 2687 1181 2787; x_wconf 85' lang='lat' dir='ltr'>ingeniosa</span> <span class='ocrx_word' id='word_1_173' title='bbox 1211 2689 1256 2765; x_wconf 90' lang='lat' dir='ltr'>de</span> <span class='ocrx_word' id='word_1_174' title='bbox 1288 2691 1501 2790; x_wconf 80' lang='lat' dir='ltr'><strong>corporibus</strong></span> <span class='ocrx_word' id='word_1_175' title='bbox 1522 2691 1617 2766; x_wconf 83' lang='lat' dir='ltr'>varie</span> <span class='ocrx_word' id='word_1_176' title='bbox 1650 2685 1805 2764; x_wconf 86' lang='lat' dir='ltr'>infinitis.</span> <span class='ocrx_word' id='word_1_177' title='bbox 1866 2687 1928 2764; x_wconf 84' lang='lat' dir='ltr'>Vi.</span> 
     </span>
    </p>
   </div>
   <div class='ocr_carea' id='block_1_4' title="bbox 473 2803 2063 4433">
    <p class='ocr_par' dir='ltr' id='par_1_5' title="bbox 473 2803 2063 4433">
     <span class='ocr_line' id='line_1_22' title="bbox 473 2803 1924 2910; baseline 0.001 -32"><span class='ocrx_word' id='word_1_178' title='bbox 473 2883 477 2890; x_wconf 72' lang='grc'><em>,</em></span> <span class='ocrx_word' id='word_1_179' title='bbox 542 2803 633 2880; x_wconf 91' lang='lat' dir='ltr'>deor</span> <span class='ocrx_word' id='word_1_180' title='bbox 656 2803 747 2880; x_wconf 89' lang='lat' dir='ltr'>mihi</span> <span class='ocrx_word' id='word_1_181' title='bbox 774 2803 973 2904; x_wconf 87' lang='lat' dir='ltr'>intelligere</span> <span class='ocrx_word' id='word_1_182' title='bbox 991 2820 1152 2882; x_wconf 89' lang='lat' dir='ltr'>mentem</span> <span class='ocrx_word' id='word_1_183' title='bbox 1180 2806 1321 2894; x_wconf 88' lang='lat' dir='ltr'>Tuam,</span> <span class='ocrx_word' id='word_1_184' title='bbox 1353 2805 1513 2910; x_wconf 79' lang='lat' dir='ltr'>saepeque</span> <span class='ocrx_word' id='word_1_185' title='bbox 1535 2803 1581 2882; x_wconf 91' lang='lat' dir='ltr'>de</span> <span class='ocrx_word' id='word_1_186' title='bbox 1614 2805 1686 2898; x_wconf 85' lang='lat' dir='ltr'>istis</span> <span class='ocrx_word' id='word_1_187' title='bbox 1712 2803 1924 2892; x_wconf 81' lang='lat' dir='ltr'>deliberavi,</span> 
     </span>
     <span class='ocr_line' id='line_1_23' title="bbox 543 2913 2063 3024; baseline 0.003 -28"><span class='ocrx_word' id='word_1_188' title='bbox 543 2917 603 2996; x_wconf 87' lang='lat' dir='ltr'>sed</span> <span class='ocrx_word' id='word_1_189' title='bbox 627 2922 923 3000; x_wconf 87' lang='lat' dir='ltr'>nondumtamen</span> <span class='ocrx_word' id='word_1_190' title='bbox 941 2922 1059 3001; x_wconf 91' lang='lat' dir='ltr'>adhuc</span> <span class='ocrx_word' id='word_1_191' title='bbox 1075 2925 1309 3024; x_wconf 87' lang='lat' dir='ltr'>pronuntiare</span> <span class='ocrx_word' id='word_1_192' title='bbox 1323 2923 1452 3002; x_wconf 82' lang='lat' dir='ltr'>audeo</span> <span class='ocrx_word' id='word_1_193' title='bbox 1509 2921 1665 3000; x_wconf 84' lang='lat' dir='ltr'>Fortasse</span> <span class='ocrx_word' id='word_1_194' title='bbox 1683 2919 1832 3018; x_wconf 82' lang='lat' dir='ltr'>irrlisrita,</span> <span class='ocrx_word' id='word_1_195' title='bbox 1851 2945 1928 3023; x_wconf 79' lang='lat' dir='ltr'>quae</span> <span class='ocrx_word' id='word_1_196' title='bbox 2062 2913 2063 2922; x_wconf 14' lang='grc' dir='ltr'><strong><em>Ν</em></strong></span> 
     </span>
     <span class='ocr_line' id='line_1_24' title="bbox 542 3037 1937 3146; baseline 0 -32"><span class='ocrx_word' id='word_1_197' title='bbox 542 3043 788 3139; x_wconf 87' lang='lat' dir='ltr'><strong>concipimus,</strong></span> <span class='ocrx_word' id='word_1_198' title='bbox 820 3041 857 3117; x_wconf 70' lang='grc' dir='ltr'><strong>ἃ</strong></span> <span class='ocrx_word' id='word_1_199' title='bbox 879 3039 1016 3118; x_wconf 88' lang='lat' dir='ltr'>infinite</span> <span class='ocrx_word' id='word_1_200' title='bbox 1039 3063 1147 3146; x_wconf 85' lang='lat' dir='ltr'><strong>parva</strong></span> <span class='ocrx_word' id='word_1_201' title='bbox 1167 3043 1374 3140; x_wconf 88' lang='lat' dir='ltr'>imaginaria</span> <span class='ocrx_word' id='word_1_202' title='bbox 1398 3039 1500 3135; x_wconf 84' lang='lat' dir='ltr'>sunt3</span> <span class='ocrx_word' id='word_1_203' title='bbox 1531 3041 1591 3116; x_wconf 88' lang='lat' dir='ltr'>sed</span> <span class='ocrx_word' id='word_1_204' title='bbox 1624 3053 1706 3140; x_wconf 85' lang='lat' dir='ltr'>apta</span> <span class='ocrx_word' id='word_1_205' title='bbox 1739 3038 1784 3115; x_wconf 84' lang='lat' dir='ltr'>ad</span> <span class='ocrx_word' id='word_1_206' title='bbox 1815 3037 1937 3116; x_wconf 74' lang='lat' dir='ltr'>detur-⁴</span> 
     </span>
     <span class='ocr_line' id='line_1_25' title="bbox 540 3155 1929 3261; baseline -0.001 -27"><span class='ocrx_word' id='word_1_207' title='bbox 540 3157 710 3234; x_wconf 88' lang='lat' dir='ltr'>minanda</span> <span class='ocrx_word' id='word_1_208' title='bbox 728 3158 849 3245; x_wconf 87' lang='lat' dir='ltr'>realia,</span> <span class='ocrx_word' id='word_1_209' title='bbox 882 3172 923 3234; x_wconf 92' lang='lat' dir='ltr'>ut</span> <span class='ocrx_word' id='word_1_210' title='bbox 946 3159 1081 3236; x_wconf 84' lang='lat' dir='ltr'>radices</span> <span class='ocrx_word' id='word_1_211' title='bbox 1102 3179 1249 3261; x_wconf 91' lang='lat' dir='ltr'>quoque</span> <span class='ocrx_word' id='word_1_212' title='bbox 1271 3159 1488 3257; x_wconf 81' lang='lat' dir='ltr'>imaginariae</span> <span class='ocrx_word' id='word_1_213' title='bbox 1513 3157 1627 3234; x_wconf 87' lang='lat' dir='ltr'>facere</span> <span class='ocrx_word' id='word_1_214' title='bbox 1655 3155 1778 3233; x_wconf 88' lang='lat' dir='ltr'>solent</span> <span class='ocrx_word' id='word_1_215' title='bbox 1841 3156 1929 3234; x_wconf 91' lang='lat' dir='ltr'>Sunt</span> 
     </span>
     <span class='ocr_line' id='line_1_26' title="bbox 539 3271 1929 3378; baseline -0.001 -28"><span class='ocrx_word' id='word_1_216' title='bbox 539 3275 629 3350; x_wconf 87' lang='lat' dir='ltr'>ista</span> <span class='ocrx_word' id='word_1_217' title='bbox 620 3299 658 3350; x_wconf 88' lang='grc' dir='ltr'>ιιι</span> <span class='ocrx_word' id='word_1_218' title='bbox 679 3277 876 3353; x_wconf 88' lang='lat' dir='ltr'>rationibus</span> <span class='ocrx_word' id='word_1_219' title='bbox 895 3275 1088 3364; x_wconf 87' lang='lat' dir='ltr'>idealibus,</span> <span class='ocrx_word' id='word_1_220' title='bbox 1122 3279 1252 3378; x_wconf 90' lang='lat' dir='ltr'>quibus</span> <span class='ocrx_word' id='word_1_221' title='bbox 1271 3275 1370 3352; x_wconf 88' lang='lat' dir='ltr'>velut</span> <span class='ocrx_word' id='word_1_222' title='bbox 1389 3275 1529 3374; x_wconf 83' lang='lat' dir='ltr'>legibus</span> <span class='ocrx_word' id='word_1_223' title='bbox 1555 3299 1610 3352; x_wconf 82' lang='lat' dir='ltr'>res</span> <span class='ocrx_word' id='word_1_224' title='bbox 1647 3289 1843 3373; x_wconf 88' lang='lat' dir='ltr'>reguntur,</span> <span class='ocrx_word' id='word_1_225' title='bbox 1870 3271 1929 3350; x_wconf 85' lang='lat' dir='ltr'>etsr</span> 
     </span>
     <span class='ocr_line' id='line_1_27' title="bbox 538 3387 1934 3499; baseline -0.001 -31"><span class='ocrx_word' id='word_1_226' title='bbox 538 3394 578 3468; x_wconf 87' lang='lat' dir='ltr'>in</span> <span class='ocrx_word' id='word_1_227' title='bbox 595 3395 751 3470; x_wconf 84' lang='lat' dir='ltr'>materiae</span> <span class='ocrx_word' id='word_1_228' title='bbox 769 3395 928 3499; x_wconf 88' lang='lat' dir='ltr'>partibus</span> <span class='ocrx_word' id='word_1_229' title='bbox 952 3416 1030 3470; x_wconf 90' lang='lat' dir='ltr'>non</span> <span class='ocrx_word' id='word_1_230' title='bbox 1044 3393 1121 3472; x_wconf 84' lang='lat' dir='ltr'>lint.</span> <span class='ocrx_word' id='word_1_231' title='bbox 1183 3391 1334 3488; x_wconf 73' lang='lat' dir='ltr'>Qrodfi</span> <span class='ocrx_word' id='word_1_232' title='bbox 1354 3391 1655 3470; x_wconf 83' lang='lat' dir='ltr'>statuimuslineas</span> <span class='ocrx_word' id='word_1_233' title='bbox 1670 3389 1777 3469; x_wconf 87' lang='lat' dir='ltr'>reales</span> <span class='ocrx_word' id='word_1_234' title='bbox 1793 3387 1934 3466; x_wconf 85' lang='lat' dir='ltr'>infinite</span> 
     </span>
     <span class='ocr_line' id='line_1_28' title="bbox 537 3507 1932 3612; baseline -0.001 -27"><span class='ocrx_word' id='word_1_235' title='bbox 537 3533 681 3610; x_wconf 76' lang='lat' dir='ltr'>parmas²</span> <span class='ocrx_word' id='word_1_236' title='bbox 712 3511 941 3612; x_wconf 85' lang='lat' dir='ltr'>consequitur</span> <span class='ocrx_word' id='word_1_237' title='bbox 955 3515 1060 3588; x_wconf 87' lang='lat' dir='ltr'>etiam</span> <span class='ocrx_word' id='word_1_238' title='bbox 1079 3511 1277 3590; x_wconf 88' lang='lat' dir='ltr'>statuendas</span> <span class='ocrx_word' id='word_1_239' title='bbox 1297 3507 1363 3588; x_wconf 89' lang='lat' dir='ltr'>else</span> <span class='ocrx_word' id='word_1_240' title='bbox 1380 3511 1488 3586; x_wconf 78' lang='lat' dir='ltr'>reuas</span> <span class='ocrx_word' id='word_1_241' title='bbox 1505 3513 1688 3612; x_wconf 87' lang='lat' dir='ltr'>utrimque</span> <span class='ocrx_word' id='word_1_242' title='bbox 1704 3512 1932 3595; x_wconf 74' lang='lat' dir='ltr'>terminatas,</span> 
     </span>
     <span class='ocr_line' id='line_1_29' title="bbox 537 3625 1934 3726; baseline -0.001 -24"><span class='ocrx_word' id='word_1_243' title='bbox 537 3650 615 3726; x_wconf 81' lang='lat' dir='ltr'>quae</span> <span class='ocrx_word' id='word_1_244' title='bbox 629 3642 749 3704; x_wconf 87' lang='lat' dir='ltr'>tamen</span> <span class='ocrx_word' id='word_1_245' title='bbox 772 3627 838 3703; x_wconf 89' lang='lat' dir='ltr'>srnt</span> <span class='ocrx_word' id='word_1_246' title='bbox 861 3629 905 3706; x_wconf 91' lang='lat' dir='ltr'>ad</span> <span class='ocrx_word' id='word_1_247' title='bbox 924 3629 1058 3706; x_wconf 88' lang='lat' dir='ltr'>nostras</span> <span class='ocrx_word' id='word_1_248' title='bbox 1075 3629 1294 3716; x_wconf 83' lang='lat' dir='ltr'>ordinarias,</span> <span class='ocrx_word' id='word_1_249' title='bbox 1325 3642 1367 3706; x_wconf 91' lang='lat' dir='ltr'>ut</span> <span class='ocrx_word' id='word_1_250' title='bbox 1390 3625 1572 3705; x_wconf 85' lang='lat' dir='ltr'>infinitum</span> <span class='ocrx_word' id='word_1_251' title='bbox 1592 3627 1638 3703; x_wconf 88' lang='lat' dir='ltr'>ad</span> <span class='ocrx_word' id='word_1_252' title='bbox 1657 3625 1826 3718; x_wconf 87' lang='lat' dir='ltr'>finitum;</span> <span class='ocrx_word' id='word_1_253' title='bbox 1855 3637 1934 3724; x_wconf 84' lang='lat' dir='ltr'>qu&#39;o·</span> 
     </span>
     <span class='ocr_line' id='line_1_30' title="bbox 536 3741 1933 3846; baseline 0.001 -28"><span class='ocrx_word' id='word_1_254' title='bbox 536 3743 673 3844; x_wconf 89' lang='lat' dir='ltr'>pofit0‚</span> <span class='ocrx_word' id='word_1_255' title='bbox 706 3744 862 3846; x_wconf 88' lang='lat' dir='ltr'>sequitur</span> <span class='ocrx_word' id='word_1_256' title='bbox 887 3744 952 3822; x_wconf 87' lang='lat' dir='ltr'>esse</span> <span class='ocrx_word' id='word_1_257' title='bbox 972 3747 1147 3846; x_wconf 68' lang='lat' dir='ltr'>pontium</span> <span class='ocrx_word' id='word_1_258' title='bbox 1162 3749 1199 3823; x_wconf 93' lang='lat' dir='ltr'>in</span> <span class='ocrx_word' id='word_1_259' title='bbox 1232 3743 1370 3846; x_wconf 88' lang='lat' dir='ltr'>spatio,</span> <span class='ocrx_word' id='word_1_260' title='bbox 1404 3743 1449 3820; x_wconf 89' lang='lat' dir='ltr'>ad</span> <span class='ocrx_word' id='word_1_261' title='bbox 1479 3744 1579 3846; x_wconf 93' lang='lat' dir='ltr'>quod</span> <span class='ocrx_word' id='word_1_262' title='bbox 1604 3744 1690 3820; x_wconf 88' lang='lat' dir='ltr'><strong>hinc</strong></span> <span class='ocrx_word' id='word_1_263' title='bbox 1727 3741 1830 3820; x_wconf 92' lang='lat' dir='ltr'>nullo</span> <span class='ocrx_word' id='word_1_264' title='bbox 1863 3766 1933 3819; x_wconf 90' lang='lat' dir='ltr'>un·</span> 
     </span>
     <span class='ocr_line' id='line_1_31' title="bbox 539 3855 1932 3964; baseline 0.001 -30"><span class='ocrx_word' id='word_1_265' title='bbox 539 3856 646 3957; x_wconf 84' lang='lat' dir='ltr'>quam</span> <span class='ocrx_word' id='word_1_266' title='bbox 669 3875 835 3962; x_wconf 89' lang='lat' dir='ltr'>tempore</span> <span class='ocrx_word' id='word_1_267' title='bbox 862 3861 1056 3964; x_wconf 86' lang='lat' dir='ltr'>alsrgrrabili</span> <span class='ocrx_word' id='word_1_268' title='bbox 1089 3888 1153 3964; x_wconf 89' lang='lat' dir='ltr'>per</span> <span class='ocrx_word' id='word_1_269' title='bbox 1182 3877 1328 3940; x_wconf 92' lang='lat' dir='ltr'>motum</span> <span class='ocrx_word' id='word_1_270' title='bbox 1355 3861 1568 3964; x_wconf 82' lang='lat' dir='ltr'>aequabilem</span> <span class='ocrx_word' id='word_1_271' title='bbox 1595 3861 1773 3962; x_wconf 78' lang='lat' dir='ltr'>perveniri</span> <span class='ocrx_word' id='word_1_272' title='bbox 1798 3855 1932 3958; x_wconf 87' lang='lat' dir='ltr'>poffit;</span> 
     </span>
     <span class='ocr_line' id='line_1_32' title="bbox 540 3979 1929 4084; baseline 0.001 -31"><span class='ocrx_word' id='word_1_273' title='bbox 540 3979 795 4082; x_wconf 90' lang='lat' dir='ltr'>oportebitque</span> <span class='ocrx_word' id='word_1_274' title='bbox 829 3979 987 4058; x_wconf 89' lang='lat' dir='ltr'>suniliter</span> <span class='ocrx_word' id='word_1_275' title='bbox 1033 3985 1224 4084; x_wconf 90' lang='lat' dir='ltr'>concipere</span> <span class='ocrx_word' id='word_1_276' title='bbox 1254 3995 1396 4080; x_wconf 89' lang='lat' dir='ltr'>tempus</span> <span class='ocrx_word' id='word_1_277' title='bbox 1446 3981 1627 4080; x_wconf 89' lang='lat' dir='ltr'>utrimque</span> <span class='ocrx_word' id='word_1_278' title='bbox 1659 3979 1929 4062; x_wconf 78' lang='lat' dir='ltr'>terminaturi,</span> 
     </span>
     <span class='ocr_line' id='line_1_33' title="bbox 543 4094 1937 4202; baseline -0.004 -30"><span class='ocrx_word' id='word_1_279' title='bbox 543 4094 645 4195; x_wconf 91' lang='lat' dir='ltr'>quod</span> <span class='ocrx_word' id='word_1_280' title='bbox 660 4107 781 4172; x_wconf 85' lang='lat' dir='ltr'>tamen</span> <span class='ocrx_word' id='word_1_281' title='bbox 806 4097 848 4173; x_wconf 85' lang='lat' dir='ltr'>sit</span> <span class='ocrx_word' id='word_1_282' title='bbox 866 4099 1066 4188; x_wconf 88' lang='lat' dir='ltr'>inlinitum,</span> <span class='ocrx_word' id='word_1_283' title='bbox 1104 4116 1210 4202; x_wconf 87' lang='lat' dir='ltr'>atque</span> <span class='ocrx_word' id='word_1_284' title='bbox 1227 4099 1317 4176; x_wconf 92' lang='lat' dir='ltr'>adeo</span> <span class='ocrx_word' id='word_1_285' title='bbox 1347 4097 1424 4174; x_wconf 91' lang='lat' dir='ltr'>dari</span> <span class='ocrx_word' id='word_1_286' title='bbox 1445 4095 1631 4198; x_wconf 93' lang='lat' dir='ltr'>quoddam</span> <span class='ocrx_word' id='word_1_287' title='bbox 1654 4119 1769 4194; x_wconf 84' lang='lat' dir='ltr'>genus</span> <span class='ocrx_word' id='word_1_288' title='bbox 1795 4095 1937 4170; x_wconf 84' lang='lat' dir='ltr'>aetemi-</span> 
     </span>
     <span class='ocr_line' id='line_1_34' title="bbox 547 4208 2062 4315; baseline -0.001 -27"><span class='ocrx_word' id='word_1_289' title='bbox 547 4213 650 4300; x_wconf 83' lang='lat' dir='ltr'>raus,</span> <span class='ocrx_word' id='word_1_290' title='bbox 673 4227 715 4290; x_wconf 86' lang='lat' dir='ltr'>ut</span> <span class='ocrx_word' id='word_1_291' title='bbox 733 4211 780 4290; x_wconf 83' lang='lat' dir='ltr'>fic</span> <span class='ocrx_word' id='word_1_292' title='bbox 798 4213 933 4304; x_wconf 91' lang='lat' dir='ltr'>dicam,</span> <span class='ocrx_word' id='word_1_293' title='bbox 961 4221 1188 4312; x_wconf 77' lang='lat' dir='ltr'>ter&#39;minatae3</span> <span class='ocrx_word' id='word_1_294' title='bbox 1210 4215 1279 4292; x_wconf 89' lang='lat' dir='ltr'>five</span> <span class='ocrx_word' id='word_1_295' title='bbox 1294 4211 1391 4315; x_wconf 86' lang='lat' dir='ltr'>posse</span> <span class='ocrx_word' id='word_1_296' title='bbox 1409 4213 1564 4312; x_wconf 87' lang='lat' dir='ltr'>aliquem</span> <span class='ocrx_word' id='word_1_297' title='bbox 1592 4215 1712 4290; x_wconf 84' lang='lat' dir='ltr'>vivere</span> <span class='ocrx_word' id='word_1_298' title='bbox 1731 4215 1778 4288; x_wconf 90' lang='lat' dir='ltr'>ita</span> <span class='ocrx_word' id='word_1_299' title='bbox 1793 4223 1835 4289; x_wconf 91' lang='lat' dir='ltr'>ut</span> <span class='ocrx_word' id='word_1_300' title='bbox 1853 4208 1935 4286; x_wconf 86' lang='lat' dir='ltr'>nul·</span> <span class='ocrx_word' id='word_1_301' title='bbox 2061 4245 2062 4276; x_wconf 64' lang='grc' dir='ltr'><strong>ι</strong></span> 
     </span>
     <span class='ocr_line' id='line_1_35' title="bbox 546 4327 1935 4433; baseline -0.004 -27"><span class='ocrx_word' id='word_1_302' title='bbox 546 4329 587 4410; x_wconf 89' lang='lat' dir='ltr'>lo</span> <span class='ocrx_word' id='word_1_303' title='bbox 609 4355 769 4432; x_wconf 88' lang='lat' dir='ltr'>unquam</span> <span class='ocrx_word' id='word_1_304' title='bbox 787 4331 980 4433; x_wconf 87' lang='lat' dir='ltr'>affignabili</span> <span class='ocrx_word' id='word_1_305' title='bbox 995 4359 1173 4412; x_wconf 89' lang='lat' dir='ltr'>annorum</span> <span class='ocrx_word' id='word_1_306' title='bbox 1191 4357 1343 4411; x_wconf 90' lang='lat' dir='ltr'>numero</span> <span class='ocrx_word' id='word_1_307' title='bbox 1365 4333 1559 4419; x_wconf 87' lang='lat' dir='ltr'>moriatur,</span> <span class='ocrx_word' id='word_1_308' title='bbox 1577 4331 1614 4405; x_wconf 78' lang='lat' dir='ltr'>dt</span> <span class='ocrx_word' id='word_1_309' title='bbox 1638 4345 1758 4406; x_wconf 88' lang='lat' dir='ltr'>tamen</span> <span class='ocrx_word' id='word_1_310' title='bbox 1775 4327 1935 4428; x_wconf 75' lang='lat' dir='ltr'>aliquun-</span> 
     </span>
    </p>
   </div>
   <div class='ocr_carea' id='block_1_5' title="bbox 546 4445 1936 4640">
    <p class='ocr_par' dir='ltr' id='par_1_6' title="bbox 546 4445 1936 4640">
     <span class='ocr_line' id='line_1_36' title="bbox 546 4445 1936 4636; baseline -0.007 -108"><span class='ocrx_word' id='word_1_311' title='bbox 546 4445 596 4528; x_wconf 88' lang='lat' dir='ltr'>do</span> <span class='ocrx_word' id='word_1_312' title='bbox 622 4453 816 4549; x_wconf 77' lang='lat' dir='ltr'>moriatu13</span> <span class='ocrx_word' id='word_1_313' title='bbox 838 4475 962 4606; x_wconf 79' lang='lat' dir='ltr'>quae</span> <span class='ocrx_word' id='word_1_314' title='bbox 932 4454 1079 4530; x_wconf 88' lang='lat' dir='ltr'>onmia</span> <span class='ocrx_word' id='word_1_315' title='bbox 1098 4475 1191 4552; x_wconf 86' lang='lat' dir='ltr'>ego</span> <span class='ocrx_word' id='word_1_316' title='bbox 1236 4449 1302 4529; x_wconf 87' lang='lat' dir='ltr'>nifi</span> <span class='ocrx_word' id='word_1_317' title='bbox 1333 4447 1542 4544; x_wconf 82' lang='lat' dir='ltr'>indubitatis</span> <span class='ocrx_word' id='word_1_318' title='bbox 1572 4445 1936 4636; x_wconf 53' lang='lat' dir='ltr'>demonstratumque</span> 
     </span>
     <span class='ocr_line' id='line_1_37' title="bbox 1794 4581 1936 4640; baseline -0.007 -1"><span class='ocrx_word' id='word_1_319' title='bbox 1794 4584 1859 4640; x_wconf 88' lang='lat' dir='ltr'>coa</span> <span class='ocrx_word' id='word_1_320' title='bbox 1893 4581 1936 4639; x_wconf 74' lang='lat' dir='ltr'>uc</span> 
     </span>
    </p>
   </div>
   <div class='ocr_carea' id='block_1_6' title="bbox 0 0 2096 5526">
    <p class='ocr_par' dir='ltr' id='par_1_7' title="bbox 0 0 2096 5526">
     <span class='ocr_line' id='line_1_38' title="bbox 0 0 2096 5526; baseline 0 0"><span class='ocrx_word' id='word_1_321' title='bbox 0 0 2096 5526; x_wconf 95' lang='lat' dir='ltr'> </span> 
     </span>
    </p>
   </div>
  </div>
 </body>
</html>
