4222 5534
527 277 603 412 ιρι
635 393 652 406 Κ
697 303 1193 409 ιιοιιιιιιιιιιιιι
1243 263 1771 412 ermenricum,
1817 263 1830 278 '⁴

206 448 217 456 “
372 539 374 544 ἢ
423 471 426 483 “
526 432 613 530 test;
648 469 724 546 quo
765 461 853 528 tuuc
873 449 1062 524 contentus
1090 469 1209 533 eram,
1242 450 1326 547 quia
1357 445 1418 524 hic
1447 448 1493 524 de
1526 447 1759 528 determinata
1787 433 1929 527 tantum

456 650 466 665 ο
527 566 743 664 quantitate,
776 586 906 663 nempe
926 577 1152 662 parametro,
1177 564 1317 640 nonde
1347 563 1441 642 linea
1462 564 1598 666 aliqua,
1640 564 1700 643 seu
1740 563 1929 642 indefinito

528 676 722 781 quaer'endo
738 683 864 790 agitur.
926 679 1062 758 Melior
1086 679 1303 780 quidemest
1321 682 1538 767 construtiio
1560 681 1718 770 linearis,
1752 681 1813 757 sed
1838 680 1932 756 hanc

528 795 599 896 ego
621 812 710 874 tunc
730 821 806 872 non
834 793 1054 896 quaefieram3
1085 799 1169 896 quia
1186 797 1224 872 id
1251 801 1356 874 unice
1387 799 1633 900 respexeram,
1667 797 1769 900 quod
1808 794 1931 873 levissi-

450 909 453 914 ’
528 939 586 990 nra
612 912 894 990 consideratione
912 917 1004 990 inter
1025 911 1252 998 scribendum
1289 914 1334 990 ad
1359 915 1414 992 Te
1433 913 1472 992 in'
1490 932 1650 1002 mentem
1683 929 1839 992 venerat.
1870 911 1930 990 In-

528 1033 633 1106 terim
659 1031 767 1106 verba
792 1054 870 1104 meo
889 1030 1007 1121 nescio
1031 1029 1223 1130 quomodo
1254 1031 1542 1136 intransversum
1564 1033 1742 1132 aoeepisti.
1803 1029 1933 1128 Neque

400 1189 402 1207 ·
526 1150 624 1223 enlin
645 1149 686 1221 in
719 1159 879 1222 mentem
912 1147 1010 1222 venit
1041 1146 1161 1223 dicere
1200 1147 1479 1226 determinatum
1514 1163 1705 1228 curvarum
1737 1163 1931 1224 numerum

526 1265 682 1373 requiri,
716 1277 757 1338 ut
774 1261 928 1362 Epistola
947 1280 1007 1340 tua
1031 1261 1121 1338 mihi
1138 1262 1300 1358 ascribit3
1336 1264 1394 1342 sed
1420 1265 1697 1346 determinatum
1723 1286 1928 1348 numerum,

529 1403 606 1458 non
624 1401 834 1467 curvarum,
867 1378 925 1455 sed
945 1379 1116 1458 mensurae
1141 1383 1318 1457 rationem
1338 1387 1527 1482 paranretri
1551 1381 1596 1458 ad
1607 1383 1739 1458 retiam
1768 1381 1932 1457 constan-

528 1511 624 1586 tem,
657 1495 716 1574 seu
750 1497 951 1582 unitatem,
990 1493 1202 1574 exhibentis
1263 1497 1443 1578 Caetemm
1471 1500 1552 1600 post
1572 1497 1799 1598 Synchronas
1827 1495 1934 1572 semel

528 1591 575 1688 od
604 1611 675 1689 hoc
706 1615 899 1712 negotium
925 1637 945 1688 a
977 1611 1033 1690 Te
1055 1612 1208 1714 pulchre
1243 1615 1454 1719 applicatos,
1473 1641 1565 1692 non
1592 1641 1642 1715 pu
1644 1631 1684 1692 to
1644 1614 1802 1692 tTibi
1821 1615 1930 1711 genio

530 1731 630 1816 otro,
664 1728 720 1804 vel
741 1729 825 1808 albo
853 1723 939 1828 [ut
965 1753 1049 1806 cunr
1072 1729 1341 1808 Zuruorro
1373 1733 1490 1808 vestro
1516 1757 1579 1832 per
1603 1730 1930 1830 jocumloqueris]

529 1869 623 1945 opus
641 1842 762 1932 fiisse,
795 1844 840 1922 ud
865 1869 941 1922 reni
967 1849 1005 1922 in
1031 1845 1106 1922 aliis
1126 1871 1273 1948 quoque
1298 1864 1426 1948 praeter
1449 1847 1664 1949 Cycloidem
1689 1850 1807 1926 curuis
1832 1843 1933 1945 praes·

526 1961 686 2039 tendam.
746 1959 818 2040 Ersr
843 1965 940 2038 enim
971 1964 1011 2038 in
1044 1967 1199 2051 cernis,
1233 1963 1325 2043 retia
1347 1964 1526 2064 politione
1549 1965 1630 2042 dato
1669 1965 1771 2040 lineae
1811 1959 1933 2063 quaefi-

527 2094 574 2154 tae
607 2103 728 2155 nonr
702 2077 728 2152 s
728 2094 745 2154 ι
767 2077 1091 2182 perpendicularis3
1123 2081 1322 2168 esttamen,
1348 2082 1669 2182 quantumjudico,
1696 2079 1836 2179 semper
1856 2093 1934 2154 tan-
1958 2096 1965 2104 ·

501 2220 620 2295 gem
640 2196 886 2296 Synehronae,
918 2217 961 2272 ac
981 2195 1136 2296 proinde
1155 2201 1460 2297 tantumopusest
1483 2197 1633 2276 describi
1655 2196 1931 2298 Synchronam‚

340 2343 431 2453 m
438 2343 511 2414 xp
532 2337 614 2415 quae
630 2311 761 2390 reoam
779 2311 956 2412 positione
975 2311 1095 2412 datam
1115 2327 1249 2413 tangat
1309 2313 1389 2392 Sint
1425 2309 1542 2417 (Fig.
1564 2326 1628 2417 63.
1641 2313 1664 2412 )
1694 2313 1798 2388 lineae
1819 2312 1932 2411 specie

532 2434 808 2515 convenientes,
827 2431 864 2505 dc
881 2427 1038 2506 finuhter
1047 2431 1092 2508 ad
1107 2429 1274 2532 Aposrtae
1293 2428 1433 2519 AFG,
1466 2429 1606 2528 ΜΡ)
1631 2428 1736 2530 (G)
1758 2429 1798 2503 δι
1823 2427 1931 2528 ipsam

532 2549 663 2626 retiam
687 2543 807 2625 ZGB
837 2545 936 2646 (G)
968 2545 1147 2646 positione
1190 2548 1308 2626 datam
1342 2561 1466 2647 tangat
1499 2547 1707 2648 Syuchrona
1746 2543 1817 2622 FB
1837 2543 1930 2640 (F)

534 2679 623 2741 tunc
645 2667 792 2764 utique,
824 2677 866 2740 ιιι
883 2664 922 2738 in
949 2662 1126 2764 Cycioide
1155 2663 1264 2750 sacis,
1297 2667 1429 2742 merito
1461 2664 1604 2743 Tecum
1639 2659 1926 2772 concludemus,

536 2781 646 2880 ipsam
669 2779 737 2858 AB
760 2775 830 2864 essew
847 2777 982 2888 lineam,
995 2779 1181 2880 quesitam
1217 2779 1409 2860 breviffimi
1441 2780 1615 2883 appulsus.
1674 2779 1774 2858 Nam
1801 2774 1934 2879 quaevie

537 2896 603 2974 alia
624 2895 688 2997 ipfi
711 2895 782 2975 ZB
808 2910 1014 3000 occurreret
1037 2897 1165 2986 in'G,
1197 2900 1377 2978 estautem
1401 2911 1544 2998 tempus
1564 2921 1629 2998 per
1645 2894 1765 2974 AFG
1787 2895 1932 2994 longius

415 3113 417 3118 Ι
538 3039 647 3116 quani
661 3019 730 3114 'per
753 3011 834 3092 AF
861 3013 923 3092 seu
948 3038 1014 3116 per
1040 3012 1128 3092 ΑΒ.
1186 3011 1285 3094 Hinc
1306 3031 1448 3116 poteras
1471 3013 1689 3092 solutionem
1708 3009 1932 3092 mamadhuc

537 3132 686 3210 reddere
710 3131 1019 3242 generaliorem,
1034 3144 1076 3210 ut
1104 3133 1244 3233 praestet
1269 3131 1473 3234 quaefirrnn,
1506 3156 1583 3209 non
1609 3146 1751 3209 tantum
1786 3128 1929 3230 quondo

536 3248 715 3350 positione
749 3248 848 3338 deta,
876 3250 922 3328 ad
942 3247 1231 3350 quam-citissime
1260 3251 1447 3350 pervenire
1472 3247 1606 3336 debet,
1632 3249 1684 3325 est
1717 3247 1829 3334 reita,
1874 3243 1934 3320 sed

403 3431 405 3436 .
509 3369 646 3442 ‘etiam
663 3363 690 3440 fi
706 3364 748 3443 fit
772 3390 906 3454 curva,
939 3369 1016 3443 imo
1048 3362 1192 3452 flesset,
1223 3390 1301 3442 non
1327 3366 1442 3454 linea,
1475 3366 1534 3442 sed
1558 3364 1779 3465 superficies,
1821 3359 1933 3463 posses

356 3567 359 3594 ἲ
472 3521 498 3572 ῃ
538 3507 607 3581 pro
632 3479 832 3583 synchrono
851 3483 944 3560 linea
962 3451 1132 3560 adhibere
1148 3481 1394 3596 synchronum
1412 3479 1653 3584 superficiem,
1686 3505 1766 3583 quae
1792 3477 1936 3580 superfi-

364 3620 365 3628 ‘
510 3601 525 3608 ”
539 3603 633 3674 ciem
652 3597 829 3700 pofitione
852 3601 974 3678 datam
997 3613 1139 3698 tangat,
1170 3599 1230 3676 sed
1260 3599 1337 3678 haec
1366 3599 1422 3680 Te
1453 3598 1542 3702 [fi
1543 3599 1657 3677 modo
1690 3597 1852 3674 animum
1873 3595 1934 3672 ad·

517 3801 519 3807 Ι
536 3709 693 3814 uenas]
721 3715 831 3792 latere
846 3740 924 3792 non
949 3713 1105 3814 possunt
1166 3715 1319 3796 Miratus
1344 3715 1422 3797 sum
1436 3715 1645 3797 Dominum
1660 3708 1829 3794 fratrem
1848 3713 1934 3791 Pro-

538 3829 693 3923 blemata
717 3831 804 3908 Tibi
828 3857 1036 3933 proponere
1057 3829 1227 3920 uoluisse,
1260 3813 1411 3933 pulchra
1435 3835 1584 3935 quidem
1609 3833 1753 3935 perse
1803 3829 1863 3906 sed
1889 3829 1935 3905 de

539 3949 669 4048 quibus
693 3961 812 4026 tamen
840 3949 943 4027 facile
958 3949 1119 4056 judicare
1143 3948 1334 4052 potuisset,
1366 3955 1461 4060 uimn
1483 3951 1571 4030 Tibi
1591 3952 1637 4032 ad
1656 3976 1696 4028 ea
1715 3962 1859 4050 patere,
1888 3969 1934 4023 ex

533 4064 612 4164 ipsa
636 4061 815 4146 solutione
837 4065 1206 4173 Brachystochronae3
1235 4067 1332 4148 Tota
1351 4071 1452 4171 enirn
1478 4069 1586 4148 clavis
1626 4069 1693 4167 huj
1691 4093 1733 4146 us
1770 4061 1933 4143 methodi

537 4182 762 4258 invemendae
780 4184 909 4264 sormae.
929 4187 1127 4284 maximum
1162 4187 1353 4287 prestantis
1376 4187 1414 4262 in
1438 4211 1484 4265 eo
1528 4186 1709 4276 consistit,
1751 4199 1794 4262 ut
1823 4183 1934 4259 maxi-

451 4345 452 4348 ¹
538 4323 645 4378 ιιιιιιιι
671 4319 748 4375 ιιοιι
774 4299 891 4378 solum
910 4305 948 4378 in
970 4315 1077 4390 toto,
1108 4303 1169 4380 sed
1196 4306 1234 4379 δι
1257 4307 1420 4402 inparue
1447 4303 1651 4405 praestetur,
1692 4301 1777 4379 licet
1808 4297 1931 4380 indefi-

537 4420 615 4504 nite
638 4439 758 4520 parre
814 4417 889 4508 Ita,
920 4416 948 4495 fi
980 4416 1161 4498 descensus
1194 4419 1239 4500 fit
1274 4419 1478 4504 celerrimus
1498 4423 1554 4500 'ab
1581 4437 1658 4507 uno
1699 4433 1863 4500 extremo
1889 4415 1933 4489 li·

1860 4554 1932 4612 nee
