4168 5524
514 309 648 414 'tet
752 317 1246 408 connexorox
1291 315 1815 404 rnrtrotrcon,

438 479 533 568 t699
634 467 724 548 Non
746 470 797 547 est
813 465 967 556 accello,
998 479 1041 546 ut
1068 462 1211 566 pondus
1239 465 1327 543 airis
1355 462 1398 542 lit
1425 471 1499 566 ejus
1524 468 1793 550 condensationi
1816 449 1970 570 pt6p0t2

438 579 507 670 Jul.
576 587 730 688 tionale‚
761 583 827 662 niss
849 595 965 674 aerem
982 606 1158 684 ponemus
1179 577 1246 658 elle
1272 580 1543 680 homogeneum
1562 585 1837 692 comprimibile.
1868 579 1969 674 Quid

574 705 697 792 eninr,
730 701 904 780 fioonliat
927 700 1064 778 duabus
1078 697 1258 798 partibus,
1291 721 1362 777 una
1383 701 1670 802 comprimibili‚
1701 701 1810 781 altera
1826 694 1970 800 equali-

575 833 630 902 ter
652 815 867 896 dilleminata
890 840 968 895 non
986 813 1265 915 comprimibili,
1298 815 1352 894 uti
1383 831 1479 895 certe
1507 816 1576 896 tale
1602 817 1736 919 aliquid
1771 821 1805 897 ei
1838 813 1967 914 inlper-

574 935 653 1014 inm
667 935 894 1014 nonvidetur
907 931 1147 1034 negandum?
1177 929 1218 1014 fit
1240 933 1328 1008 aeris
1347 955 1426 1032 pars
1445 933 1717 1036 comprirnibilis
1743 925 1797 1018 b,
1828 933 1966 1008 incom-

571 1051 762 1152 primibilis
784 1073 827 1138 c.
861 1050 1011 1149 spatium
1031 1045 1131 1148 quod
1155 1039 1177 1122 b
1197 1061 1353 1146 occupat
1373 1047 1414 1128 stt
1435 1047 1470 1138 l,
1502 1049 1605 1150 qnod
1644 1075 1665 1129 c
1687 1061 1845 1150 occupat
1865 1043 1909 1122 fit
1933 1067 1966 1118 n

572 1166 753 1246 Ponamus
776 1179 895 1244 totum
925 1166 1118 1264 comprimi
1138 1165 1177 1240 in
1199 1161 1350 1263 spatium
1376 1163 1567 1243 dimidium
1591 1164 1640 1263 (l
1653 1175 1701 1258 -}-
1718 1163 1807 1264 nr):
1836 1184 1884 1250 2,
1906 1163 1965 1236 ite·

573 1307 645 1386 que
668 1307 753 1362 oum
773 1281 924 1381 spatium
950 1277 1057 1381 ipius
1077 1301 1097 1354 c
1119 1292 1268 1358 manent
1288 1301 1418 1383 nempe
1436 1305 1501 1370 m,
1534 1295 1630 1382 patet
1652 1280 1805 1383 spatium
1829 1297 1965 1356 novum

570 1398 680 1500 ipiius
703 1390 725 1473 b
752 1397 830 1476 lore
851 1395 981 1494 (l—
995 1391 1033 1468 νὴ
1048 1396 1091 1494 ):
1115 1415 1164 1484 2,
1195 1394 1358 1498 adeoque
1385 1398 1463 1476 fore
1480 1401 1600 1476 minus
1627 1399 1781 1478 dimidio
1806 1397 1960 1496 prioris:

572 1518 692 1618 itaque
710 1537 795 1604 eum
816 1514 966 1612 gravitas
986 1509 1146 1612 specifin
1169 1511 1211 1589 [it
1238 1514 1275 1588 in
1305 1515 1443 1609 ratione
1464 1513 1654 1614 ponderis,
1687 1515 1745 1594 seu
1779 1513 1961 1595 materie,

546 1631 704 1722 ,directa
728 1627 979 1714 &voluminis
1005 1629 1208 1728 reciproca,
1241 1643 1435 1728 pateream
1459 1653 1536 1708 non
1563 1627 1642 1708 fore
1657 1633 1696 1706 in
1719 1633 1861 1707 ratione
1878 1647 1962 1702 oon·

507 1769 510 1778 ¹
571 1746 784 1826 densationis
810 1745 880 1824 five
906 1741 1200 1844 eompreffionis,
1233 1768 1301 1823 nec
1328 1747 1366 1820 in
1392 1749 1531 1824 ratione
1558 1749 1690 1826 virium
1722 1745 1964 1846 comprimen-

568 1868 671 1943 tium.
703 1863 806 1957 Qpin
832 1861 893 1946 etfi
911 1883 1038 1938 omnes
1058 1873 1172 1966 partes
1191 1863 1279 1938 airis
1297 1857 1498 1962 [intelligo
1520 1861 1657 1964 semper
1679 1887 1756 1951 ees,
1775 1886 1859 1964 quae
1873 1881 1963 1961 pon-

567 1980 635 2061 dus
658 1978 820 2075 habent]
850 1973 959 2056 ellent
986 1976 1266 2075 comprimibiles
1288 2033 1299 2064 ,
1331 1975 1495 2056 litamen
1517 1977 1593 2058 aliae
1610 1979 1691 2079 plus
1712 1976 1962 2058 minusvealds

567 2097 654 2180 tales
676 2093 813 2184 ellent,
847 2091 970 2178 rursus,
985 2091 1103 2191 aliqua
1124 2088 1206 2167 ellet
1226 2091 1416 2174 diverfitate
1444 2093 1546 2172 Hinc
1571 2099 1609 2172 in
1628 2095 1812 2174 Boxnu
1840 2095 1961 2172 defen-

565 2212 675 2294 lione.
688 2227 815 2290 contra
843 2208 1014 2294 Lrnux
1040 2206 1194 2286 ostendit
1218 2207 1356 2289 Tabula
1379 2213 1732 2309 experimentorum,
1764 2213 1961 2312 paulomi-

564 2333 645 2430 jore
666 2327 765 2408 fuille
783 2351 876 2428 opus
904 2323 1066 2427 pondere
1083 2323 1277 2412 mercurii,
1310 2349 1418 2426 quam
1435 2350 1528 2426 opus
1549 2325 1615 2406 elle
1637 2328 1844 2424 videbatur;
1860 2329 1959 2430 quod

566 2471 638 2547 ego
658 2445 999 2530 admistametetiae
1029 2439 1326 2540 incomprirnibili
1356 2441 1509 2541 imputo.
1570 2441 1669 2524 Hinc
1697 2443 1845 2546 densitas
1873 2449 1958 2523 airis

567 2565 660 2654 [cui
680 2565 864 2660 reciproca
883 2561 933 2636 est
953 2561 1073 2636 raritas
1087 2551 1122 2666 J,
1132 2555 1269 2657 duplici
1291 2556 1405 2635 modo
1429 2562 1543 2661 accipi
1566 2561 1703 2661 potest,
1719 2560 1777 2638 vel
1802 2585 1847 2638 ex
1866 2586 1959 2666 pon-

565 2676 650 2757 dere
671 2676 778 2781 iplius
809 2677 846 2752 &
874 2675 1086 2760 volumine,
1118 2673 1167 2752 ita
1192 2672 1283 2751 nihil
1302 2671 1398 2752 alind
1427 2673 1519 2761 erit,
1552 2699 1661 2778 quarn
1680 2676 1752 2776 ipsa
1777 2681 1868 2756 aeris
1880 2702 1958 2778 gra.
2076 2711 2077 2748 r

564 2793 652 2874 vitas
671 2789 857 2894 specifica3
886 2790 1014 2868 velex
1035 2788 1294 2892 eernpreffione
1308 2844 1324 2900 ,Ι
1351 2787 1422 2867 five
1450 2795 1488 2872 vi
1506 2794 1667 2881 elafflca,
1700 2792 1760 2872 seu
1788 2817 1834 2872 ex
1866 2817 1960 2896 pon-

563 2911 671 3000 dere,
705 2907 807 3011 quod
828 2916 888 2986 air
904 2906 1022 3008 potest
1039 2903 1218 2984 'sustinere
1240 2910 1278 2986 in
1302 2929 1417 2986 vacuo
1427 2921 1448 3002 '3
1480 2911 1579 2988 verbi
1603 2913 1740 3009 gotia,
1772 2933 1819 2988 ex
1839 2913 1960 2991 altitu·

563 3030 647 3107 dine
669 3027 846 3108 mercurii.
907 3021 1005 3108 Haec·
1026 3021 1109 3100 duo
1139 3023 1383 3101 coincidetent
1405 3026 1497 3102 inter
1522 3026 1585 3115 se,
1618 3024 1645 3104 fi
1671 3031 1743 3106 aeri
1764 3027 1858 3104 nihil
1881 3053 1959 3106 non
2075 3035 2076 3043 '

562 3141 850 3243 conrprimibile,
868 3153 930 3217 aut
945 3139 1038 3218 nihil
1051 3138 1309 3242 inaequabiliter
1318 3141 1584 3239 comprintibile
1607 3140 1690 3221 effet
1729 3146 1956 3235 immistum,

561 3259 620 3340 led
642 3260 669 3336 fi
691 3260 948 3356 distinguamus
967 3249 988 3331 b
1011 3259 1049 3332 δι
1071 3279 1113 3344 e,
1146 3258 1271 3356 utique
1298 3256 1495 3336 divortium
1517 3259 1597 3338 dnae
1623 3259 1874 3340 aeliitnationes
1894 3287 1958 3363 pe-

560 3381 710 3457 tiuntur.
737 3373 822 3464 -Ut
848 3378 887 3450 in
911 3373 991 3453 casu
1018 3371 1236 3472 jamdicto,
1268 3374 1419 3471 gravitas
1450 3373 1609 3475 specifica
1632 3375 1694 3455 fiet
1728 3377 1866 3477 dupla,
1897 3379 1957 3456 sed

560 3492 773 3594 comprellro
808 3489 1020 3592 plusquam
1052 3488 1171 3589 dupla.
1232 3488 1278 3568 Et
1299 3487 1384 3566 ideo
1416 3499 1476 3568 aer
1499 3496 1537 3568 in
1571 3491 1724 3592 spatium
1761 3493 1959 3574 dimidixm
2073 3537 2074 3588 ς

406 3693 410 3700 ,
559 3608 853 3712 comprimendus
877 3611 944 3686 erit
966 3605 1128 3708 pondere
1152 3605 1232 3705 plue
1260 3630 1368 3706 quarn
1389 3602 1503 3706 duplo
1533 3613 1625 3707 ejus,
1660 3635 1736 3712 quo
1761 3614 1800 3686 in
1833 3617 1958 3711 priore
2073 3593 2074 3629 ¹

559 3729 672 3832 spatio
701 3726 944 3804 coercebatur.
1006 3721 1051 3802 Et
1066 3723 1176 3810 hinc,
1205 3721 1456 3822 experimentis
1493 3727 1715 3804 conferendo
1741 3727 1959 3826 gravitatem

432 3831 442 3900 s
559 3835 759 3946 specificam
777 3845 814 3920 δι
840 3845 916 3920 vim
934 3841 1108 3918 elasticarn
1131 3841 1238 3926 a'e'ris,
1263 3838 1403 3918 definiti
1426 3845 1561 3940 poterit
1586 3843 1721 3946 aliquid
1740 3847 1836 3922 circa
1868 3851 1958 3925 aeris
2072 3869 2073 3923 t

586 3976 687 4039 artes.
1172 3987 1175 3994 ’

558 3985 584 4063 p
618 4075 698 4179 Jam
724 4099 913 4176 pergamus
934 4075 977 4153 ad
1002 4097 1043 4150 ea
1061 4097 1141 4174 quae
1164 4073 1239 4151 dixi
1264 4074 1309 4151 de
1325 4073 1452 4152 calore.
1513 4075 1585 4155 Hic
1607 4079 1714 4158 verba
1739 4103 1820 4158 mea
1842 4082 1957 4162 secius
2071 4089 2072 4130 l

560 4190 731 4291 accepisti.
791 4192 881 4272 Dixi
901 4205 1018 4271 adrem
1040 4190 1245 4270 rerelailum
1262 4193 1379 4270 videri
1396 4214 1414 4267 a
1440 4191 1559 4272 calore
1582 4199 1741 4296 accipere
1759 4201 1835 4276 vim
1851 4200 1886 4276 se
1901 4199 1958 4276 di·

558 4309 690 4390 latandi
711 4310 908 4404 majorem,
942 4307 1051 4409 quarn
1072 4311 1311 4408 proportione
1338 4311 1494 4388 raritati&
1557 4310 1698 4391 credis·
1714 4339 1775 4392 me
1806 4313 1960 4392 voluille

558 4428 699 4515 dicere,
731 4429 971 4530 proportione
994 4427 1185 4529 reciproco
1247 4425 1316 4504 Sed
1339 4423 1453 4507 sensus
1472 4425 1533 4506 hic
1553 4431 1612 4508 est.
1644 4429 1722 4510 Sint
1748 4431 1827 4511 duo
1848 4437 1958 4512 unius

1870 4546 1963 4650 qun
