<?xml version="1.0" encoding="UTF-8"?>
<!DOCTYPE html PUBLIC "-//W3C//DTD XHTML 1.0 Transitional//EN"
    "http://www.w3.org/TR/xhtml1/DTD/xhtml1-transitional.dtd">
<html xmlns="http://www.w3.org/1999/xhtml" xml:lang="en" lang="en">
 <head>
  <title>
</title>
<meta http-equiv="Content-Type" content="text/html;charset=utf-8" />
  <meta name='ocr-system' content='tesseract 3.04.00' />
  <meta name='ocr-capabilities' content='ocr_page ocr_carea ocr_par ocr_line ocrx_word'/>
</head>
<body>
  <div class='ocr_page' id='page_1' title='image "./virorumceleberr00bousgoog_0087.png"; bbox 0 0 4344 5526; ppageno 0'>
   <div class='ocr_carea' id='block_1_1' title="bbox 485 287 1753 400">
    <p class='ocr_par' dir='ltr' id='par_1_1' title="bbox 485 287 1753 400">
     <span class='ocr_line' id='line_1_1' title="bbox 485 287 1753 400; baseline -0.006 -16"><span class='ocrx_word' id='word_1_1' title='bbox 485 315 527 389; x_wconf 86' lang='grc'><strong>’,</strong></span> <span class='ocrx_word' id='word_1_2' title='bbox 581 311 633 400; x_wconf 70' lang='lat'><strong>&#39;42</strong></span> <span class='ocrx_word' id='word_1_3' title='bbox 819 297 1253 397; x_wconf 71' lang='lat' dir='ltr'><strong>&#39;commatrum</strong></span> <span class='ocrx_word' id='word_1_4' title='bbox 1298 287 1753 390; x_wconf 62' lang='grc' dir='ltr'><strong>ΕΡΙΒΤΟΗΟΠΜ,</strong></span> 
     </span>
    </p>
   </div>
   <div class='ocr_carea' id='block_1_2' title="bbox 415 432 2046 3609">
    <p class='ocr_par' dir='ltr' id='par_1_2' title="bbox 415 432 1981 2656">
     <span class='ocr_line' id='line_1_2' title="bbox 415 432 1966 556; baseline -0.005 -22"><span class='ocrx_word' id='word_1_5' title='bbox 415 461 511 550; x_wconf 81' lang='lat'><em>&#39;1695</em></span> <span class='ocrx_word' id='word_1_6' title='bbox 585 459 624 533; x_wconf 92' lang='lat' dir='ltr'><strong>in</strong></span> <span class='ocrx_word' id='word_1_7' title='bbox 644 451 863 556; x_wconf 89' lang='lat' dir='ltr'><strong>compendio</strong></span> <span class='ocrx_word' id='word_1_8' title='bbox 890 451 953 530; x_wconf 91' lang='lat' dir='ltr'><strong>suo</strong></span> <span class='ocrx_word' id='word_1_9' title='bbox 977 450 1194 528; x_wconf 82' lang='lat' dir='ltr'><strong>Geometrice</strong></span> <span class='ocrx_word' id='word_1_10' title='bbox 1224 451 1384 550; x_wconf 73' lang='lat' dir='ltr'><strong>predica</strong></span> <span class='ocrx_word' id='word_1_11' title='bbox 1410 448 1627 528; x_wconf 83' lang='lat' dir='ltr'>methodum</span> <span class='ocrx_word' id='word_1_12' title='bbox 1650 450 1759 527; x_wconf 82' lang='lat' dir='ltr'>tradit</span> <span class='ocrx_word' id='word_1_13' title='bbox 1781 432 1966 550; x_wconf 77' lang='lat' dir='ltr'><strong>quadrand</strong></span> 
     </span>
     <span class='ocr_line' id='line_1_3' title="bbox 419 559 1981 671; baseline -0.005 -17"><span class='ocrx_word' id='word_1_14' title='bbox 419 559 523 654; x_wconf 62' lang='grc' dir='ltr'><strong>ΛΡΥῙῙ·</strong></span> <span class='ocrx_word' id='word_1_15' title='bbox 584 573 761 652; x_wconf 88' lang='lat' dir='ltr'><strong>circulum</strong></span> <span class='ocrx_word' id='word_1_16' title='bbox 781 593 846 671; x_wconf 89' lang='lat' dir='ltr'><strong>per</strong></span> <span class='ocrx_word' id='word_1_17' title='bbox 871 569 1026 656; x_wconf 86' lang='lat' dir='ltr'><strong>Seriem,</strong></span> <span class='ocrx_word' id='word_1_18' title='bbox 1059 590 1139 668; x_wconf 87' lang='lat' dir='ltr'><strong>quae</strong></span> <span class='ocrx_word' id='word_1_19' title='bbox 1167 567 1383 656; x_wconf 86' lang='lat' dir='ltr'>methodus,</span> <span class='ocrx_word' id='word_1_20' title='bbox 1416 569 1456 644; x_wconf 93' lang='lat' dir='ltr'><strong>ni</strong></span> <span class='ocrx_word' id='word_1_21' title='bbox 1477 565 1602 656; x_wconf 81' lang='lat' dir='ltr'><strong>fallor,</strong></span> <span class='ocrx_word' id='word_1_22' title='bbox 1635 567 1717 646; x_wconf 94' lang='lat' dir='ltr'><strong>Tua</strong></span> <span class='ocrx_word' id='word_1_23' title='bbox 1740 567 1810 661; x_wconf 88' lang='lat' dir='ltr'><strong>est;</strong></span> <span class='ocrx_word' id='word_1_24' title='bbox 1830 571 1904 666; x_wconf 71' lang='lat' dir='ltr'><strong>elus</strong></span> <span class='ocrx_word' id='word_1_25' title='bbox 1919 593 1981 646; x_wconf 83' lang='lat' dir='ltr'><strong>ve-</strong></span> 
     </span>
     <span class='ocr_line' id='line_1_4' title="bbox 539 683 1978 786; baseline -0.005 -17"><span class='ocrx_word' id='word_1_26' title='bbox 539 779 541 782; x_wconf 51' lang='grc'>,</span> <span class='ocrx_word' id='word_1_27' title='bbox 583 685 896 769; x_wconf 78' lang='lat' dir='ltr'><strong>adinventionem</strong></span> <span class='ocrx_word' id='word_1_28' title='bbox 931 685 995 762; x_wconf 89' lang='lat' dir='ltr'><strong>fibi</strong></span> <span class='ocrx_word' id='word_1_29' title='bbox 1012 689 1199 784; x_wconf 74' lang='lat' dir='ltr'>arrogavit.</span> <span class='ocrx_word' id='word_1_30' title='bbox 1261 686 1353 774; x_wconf 90' lang='lat' dir='ltr'><strong>Alii,</strong></span> <span class='ocrx_word' id='word_1_31' title='bbox 1385 709 1477 786; x_wconf 90' lang='lat' dir='ltr'><strong>quos</strong></span> <span class='ocrx_word' id='word_1_32' title='bbox 1501 705 1694 773; x_wconf 87' lang='lat' dir='ltr'><strong>noveram,</strong></span> <span class='ocrx_word' id='word_1_33' title='bbox 1718 683 1978 778; x_wconf 81' lang='lat' dir='ltr'><strong>Mathematici,</strong></span> 
     </span>
     <span class='ocr_line' id='line_1_5' title="bbox 585 801 1979 909; baseline -0.003 -25"><span class='ocrx_word' id='word_1_34' title='bbox 585 809 649 909; x_wconf 90' lang='lat' dir='ltr'><strong>qui</strong></span> <span class='ocrx_word' id='word_1_35' title='bbox 667 809 794 884; x_wconf 83' lang='lat' dir='ltr'><strong>nostris</strong></span> <span class='ocrx_word' id='word_1_36' title='bbox 826 803 1115 890; x_wconf 78' lang='lat' dir='ltr'><strong>deletlabantur,</strong></span> <span class='ocrx_word' id='word_1_37' title='bbox 1149 827 1225 880; x_wconf 93' lang='lat' dir='ltr'><strong>non</strong></span> <span class='ocrx_word' id='word_1_38' title='bbox 1249 803 1330 881; x_wconf 93' lang='lat' dir='ltr'><strong>sunt</strong></span> <span class='ocrx_word' id='word_1_39' title='bbox 1353 803 1509 882; x_wconf 85' lang='lat' dir='ltr'>celebres</span> <span class='ocrx_word' id='word_1_40' title='bbox 1534 827 1599 903; x_wconf 91' lang='lat' dir='ltr'><strong>per</strong></span> <span class='ocrx_word' id='word_1_41' title='bbox 1625 801 1784 891; x_wconf 79' lang='lat' dir='ltr'>litteras,</span> <span class='ocrx_word' id='word_1_42' title='bbox 1817 804 1979 904; x_wconf 83' lang='lat' dir='ltr'>adeoque</span> 
     </span>
     <span class='ocr_line' id='line_1_6' title="bbox 584 919 1977 1008; baseline -0.004 -7"><span class='ocrx_word' id='word_1_43' title='bbox 584 923 704 1002; x_wconf 86' lang='lat' dir='ltr'><strong>nescio</strong></span> <span class='ocrx_word' id='word_1_44' title='bbox 729 949 775 1001; x_wconf 88' lang='lat' dir='ltr'><strong>an</strong></span> <span class='ocrx_word' id='word_1_45' title='bbox 799 921 885 1000; x_wconf 91' lang='lat' dir='ltr'>Tibi</span> <span class='ocrx_word' id='word_1_46' title='bbox 909 920 977 998; x_wconf 91' lang='lat' dir='ltr'><strong>lint</strong></span> <span class='ocrx_word' id='word_1_47' title='bbox 996 923 1099 998; x_wconf 91' lang='lat' dir='ltr'><strong>noti:</strong></span> <span class='ocrx_word' id='word_1_48' title='bbox 1132 922 1225 998; x_wconf 90' lang='lat' dir='ltr'><strong>inter</strong></span> <span class='ocrx_word' id='word_1_49' title='bbox 1254 921 1341 999; x_wconf 87' lang='lat' dir='ltr'><strong>alios</strong></span> <span class='ocrx_word' id='word_1_50' title='bbox 1368 920 1484 1000; x_wconf 88' lang='lat' dir='ltr'><strong>suerat</strong></span> <span class='ocrx_word' id='word_1_51' title='bbox 1508 919 1545 998; x_wconf 93' lang='grc' dir='ltr'><strong>Ρ.</strong></span> <span class='ocrx_word' id='word_1_52' title='bbox 1566 919 1812 1008; x_wconf 70' lang='lat' dir='ltr'><strong>Basanon,</strong></span> <span class='ocrx_word' id='word_1_53' title='bbox 1842 921 1977 998; x_wconf 83' lang='lat' dir='ltr'><strong>ordinis</strong></span> 
     </span>
     <span class='ocr_line' id='line_1_7' title="bbox 583 1029 1977 1141; baseline -0.004 -23"><span class='ocrx_word' id='word_1_54' title='bbox 583 1045 646 1141; x_wconf 93' lang='lat' dir='ltr'><strong>qui</strong></span> <span class='ocrx_word' id='word_1_55' title='bbox 676 1055 824 1120; x_wconf 89' lang='lat' dir='ltr'><strong>vocatur</strong></span> <span class='ocrx_word' id='word_1_56' title='bbox 850 1029 1035 1127; x_wconf 78' lang='lat' dir='ltr'><strong>Oratorii,</strong></span> <span class='ocrx_word' id='word_1_57' title='bbox 1057 1041 1158 1136; x_wconf 88' lang='lat' dir='ltr'><strong>cujus</strong></span> <span class='ocrx_word' id='word_1_58' title='bbox 1180 1040 1288 1116; x_wconf 88' lang='lat' dir='ltr'><strong>etiam</strong></span> <span class='ocrx_word' id='word_1_59' title='bbox 1309 1039 1359 1115; x_wconf 88' lang='lat' dir='ltr'><strong>est</strong></span> <span class='ocrx_word' id='word_1_60' title='bbox 1388 1039 1847 1116; x_wconf 78' lang='lat' dir='ltr'><strong>Macaennncnrus:</strong></span> <span class='ocrx_word' id='word_1_61' title='bbox 1881 1041 1911 1114; x_wconf 88' lang='lat' dir='ltr'><strong>is</strong></span> <span class='ocrx_word' id='word_1_62' title='bbox 1939 1039 1977 1113; x_wconf 88' lang='lat' dir='ltr'><strong>in</strong></span> 
     </span>
     <span class='ocr_line' id='line_1_8' title="bbox 580 1149 1978 1261; baseline -0.004 -25"><span class='ocrx_word' id='word_1_63' title='bbox 580 1162 808 1258; x_wconf 81' lang='lat' dir='ltr'><strong>juventutes</strong></span> <span class='ocrx_word' id='word_1_64' title='bbox 840 1149 1104 1236; x_wconf 89' lang='lat' dir='ltr'><strong>Mahometano</strong></span> <span class='ocrx_word' id='word_1_65' title='bbox 1127 1153 1345 1261; x_wconf 86' lang='lat' dir='ltr'><strong>Christianus</strong></span> <span class='ocrx_word' id='word_1_66' title='bbox 1373 1152 1483 1234; x_wconf 71' lang='lat' dir='ltr'><strong>attus</strong></span> <span class='ocrx_word' id='word_1_67' title='bbox 1514 1156 1582 1243; x_wconf 86' lang='lat' dir='ltr'><strong>est,</strong></span> <span class='ocrx_word' id='word_1_68' title='bbox 1615 1151 1786 1256; x_wconf 82' lang='lat' dir='ltr'><strong>huncque</strong></span> <span class='ocrx_word' id='word_1_69' title='bbox 1812 1154 1978 1232; x_wconf 87' lang='lat' dir='ltr'><strong>ordinem</strong></span> 
     </span>
     <span class='ocr_line' id='line_1_9' title="bbox 580 1261 1979 1376; baseline -0.001 -23"><span class='ocrx_word' id='word_1_70' title='bbox 580 1276 772 1376; x_wconf 85' lang='lat' dir='ltr'><strong>adoptavit.</strong></span> <span class='ocrx_word' id='word_1_71' title='bbox 834 1274 931 1354; x_wconf 90' lang='lat' dir='ltr'><strong>Cum</strong></span> <span class='ocrx_word' id='word_1_72' title='bbox 955 1271 1050 1376; x_wconf 91' lang='lat' dir='ltr'><strong>apud</strong></span> <span class='ocrx_word' id='word_1_73' title='bbox 1077 1269 1153 1350; x_wconf 92' lang='lat' dir='ltr'><strong>Dn.</strong></span> <span class='ocrx_word' id='word_1_74' title='bbox 1184 1261 1442 1352; x_wconf 75' lang='lat' dir='ltr'><strong>Marabienem</strong></span> <span class='ocrx_word' id='word_1_75' title='bbox 1464 1271 1828 1371; x_wconf 79' lang='lat' dir='ltr'><strong>Hosrrrscrun</strong></span> <span class='ocrx_word' id='word_1_76' title='bbox 1856 1272 1979 1359; x_wconf 88' lang='lat' dir='ltr'><strong>inAr·</strong></span> 
     </span>
     <span class='ocr_line' id='line_1_10' title="bbox 577 1385 1979 1495; baseline -0.002 -25"><span class='ocrx_word' id='word_1_77' title='bbox 577 1416 620 1470; x_wconf 87' lang='lat' dir='ltr'><strong>ce</strong></span> <span class='ocrx_word' id='word_1_78' title='bbox 645 1393 704 1470; x_wconf 88' lang='lat' dir='ltr'><strong>sua</strong></span> <span class='ocrx_word' id='word_1_79' title='bbox 725 1416 841 1495; x_wconf 88' lang='lat' dir='ltr'><strong>prope</strong></span> <span class='ocrx_word' id='word_1_80' title='bbox 862 1385 1015 1492; x_wconf 77' lang='lat' dir='ltr'><strong>Blestum</strong></span> <span class='ocrx_word' id='word_1_81' title='bbox 1039 1388 1100 1470; x_wconf 91' lang='lat' dir='ltr'><strong>srta</strong></span> <span class='ocrx_word' id='word_1_82' title='bbox 1128 1413 1394 1480; x_wconf 81' lang='lat' dir='ltr'><strong>commorarer,</strong></span> <span class='ocrx_word' id='word_1_83' title='bbox 1428 1389 1541 1468; x_wconf 85' lang='lat' dir='ltr'><strong>visum</strong></span> <span class='ocrx_word' id='word_1_84' title='bbox 1565 1413 1634 1466; x_wconf 91' lang='lat' dir='ltr'><strong>nos</strong></span> <span class='ocrx_word' id='word_1_85' title='bbox 1651 1403 1805 1466; x_wconf 84' lang='lat' dir='ltr'><strong>venerat.</strong></span> <span class='ocrx_word' id='word_1_86' title='bbox 1831 1387 1866 1466; x_wconf 89' lang='lat' dir='ltr'><strong>P.</strong></span> <span class='ocrx_word' id='word_1_87' title='bbox 1882 1388 1979 1468; x_wconf 81' lang='lat' dir='ltr'><strong>Rer-</strong></span> 
     </span>
     <span class='ocr_line' id='line_1_11' title="bbox 578 1497 1978 1609; baseline -0.003 -21"><span class='ocrx_word' id='word_1_88' title='bbox 578 1534 749 1599; x_wconf 75' lang='lat' dir='ltr'><strong>urnu,</strong></span> <span class='ocrx_word' id='word_1_89' title='bbox 798 1508 954 1607; x_wconf 77' lang='lat' dir='ltr'><strong>ersdem</strong></span> <span class='ocrx_word' id='word_1_90' title='bbox 982 1510 1140 1592; x_wconf 82' lang='lat' dir='ltr'><strong>ordinis,</strong></span> <span class='ocrx_word' id='word_1_91' title='bbox 1173 1505 1349 1589; x_wconf 81' lang='lat' dir='ltr'><strong>Professor</strong></span> <span class='ocrx_word' id='word_1_92' title='bbox 1381 1507 1645 1586; x_wconf 86' lang='lat' dir='ltr'><strong>Mathematum</strong></span> <span class='ocrx_word' id='word_1_93' title='bbox 1674 1497 1903 1609; x_wconf 73' lang='lat' dir='ltr'><strong>Angerienfis</strong></span> <span class='ocrx_word' id='word_1_94' title='bbox 1941 1509 1978 1584; x_wconf 74' lang='grc' dir='ltr'><strong>δι</strong></span> 
     </span>
     <span class='ocr_line' id='line_1_12' title="bbox 576 1624 1978 1728; baseline -0.004 -20"><span class='ocrx_word' id='word_1_95' title='bbox 576 1626 640 1708; x_wconf 80' lang='lat' dir='ltr'><strong>Pa</strong></span> <span class='ocrx_word' id='word_1_96' title='bbox 655 1653 703 1704; x_wconf 80' lang='lat' dir='ltr'><strong>es</strong></span> <span class='ocrx_word' id='word_1_97' title='bbox 718 1651 834 1704; x_wconf 81' lang='lat' dir='ltr'><strong>rcrr</strong></span> <span class='ocrx_word' id='word_1_98' title='bbox 860 1624 1060 1714; x_wconf 84' lang='lat' dir='ltr'><strong>successor,</strong></span> <span class='ocrx_word' id='word_1_99' title='bbox 1093 1628 1157 1726; x_wconf 92' lang='lat' dir='ltr'><strong>qui</strong></span> <span class='ocrx_word' id='word_1_100' title='bbox 1186 1629 1320 1705; x_wconf 91' lang='lat' dir='ltr'><strong>mirum</strong></span> <span class='ocrx_word' id='word_1_101' title='bbox 1343 1640 1518 1728; x_wconf 89' lang='lat' dir='ltr'><strong>quantum</strong></span> <span class='ocrx_word' id='word_1_102' title='bbox 1539 1625 1785 1702; x_wconf 70' lang='lat' dir='ltr'><strong>delectamenti</strong></span> <span class='ocrx_word' id='word_1_103' title='bbox 1814 1628 1978 1726; x_wconf 84' lang='lat' dir='ltr'><strong>capiebat</strong></span> 
     </span>
     <span class='ocr_line' id='line_1_13' title="bbox 579 1741 1977 1847; baseline 0 -27"><span class='ocrx_word' id='word_1_104' title='bbox 579 1767 624 1820; x_wconf 87' lang='lat' dir='ltr'><strong>ex</strong></span> <span class='ocrx_word' id='word_1_105' title='bbox 646 1749 768 1844; x_wconf 82' lang='lat' dir='ltr'><strong>paucis</strong></span> <span class='ocrx_word' id='word_1_106' title='bbox 792 1769 871 1847; x_wconf 88' lang='lat' dir='ltr'><strong>quae</strong></span> <span class='ocrx_word' id='word_1_107' title='bbox 894 1743 958 1844; x_wconf 90' lang='lat' dir='ltr'><strong>ipsr</strong></span> <span class='ocrx_word' id='word_1_108' title='bbox 981 1743 1204 1822; x_wconf 86' lang='lat' dir='ltr'><strong>ostenderam</strong></span> <span class='ocrx_word' id='word_1_109' title='bbox 1236 1741 1282 1820; x_wconf 89' lang='lat' dir='ltr'><strong>de</strong></span> <span class='ocrx_word' id='word_1_110' title='bbox 1314 1743 1635 1820; x_wconf 88' lang='lat' dir='ltr'><strong>differentialibus:</strong></span> <span class='ocrx_word' id='word_1_111' title='bbox 1668 1741 1742 1818; x_wconf 90' lang='lat' dir='ltr'><strong>hoc</strong></span> <span class='ocrx_word' id='word_1_112' title='bbox 1780 1741 1977 1820; x_wconf 78' lang='lat' dir='ltr'><strong>calculandi</strong></span> 
     </span>
     <span class='ocr_line' id='line_1_14' title="bbox 579 1859 1978 1963; baseline 0.001 -26"><span class='ocrx_word' id='word_1_113' title='bbox 579 1885 694 1960; x_wconf 89' lang='lat' dir='ltr'><strong>genus</strong></span> <span class='ocrx_word' id='word_1_114' title='bbox 721 1861 786 1962; x_wconf 87' lang='lat' dir='ltr'><strong>ipfi</strong></span> <span class='ocrx_word' id='word_1_115' title='bbox 809 1865 968 1939; x_wconf 84' lang='lat' dir='ltr'><strong>omnino.</strong></span> <span class='ocrx_word' id='word_1_116' title='bbox 987 1861 1171 1938; x_wconf 87' lang='lat' dir='ltr'><strong>insolitum</strong></span> <span class='ocrx_word' id='word_1_117' title='bbox 1199 1862 1237 1937; x_wconf 80' lang='lat' dir='ltr'><strong>dr</strong></span> <span class='ocrx_word' id='word_1_118' title='bbox 1264 1861 1376 1938; x_wconf 80' lang='lat' dir='ltr'><strong>diuini</strong></span> <span class='ocrx_word' id='word_1_119' title='bbox 1395 1859 1482 1963; x_wconf 87' lang='lat' dir='ltr'><strong>quid</strong></span> <span class='ocrx_word' id='word_1_120' title='bbox 1499 1859 1592 1938; x_wconf 85' lang='lat' dir='ltr'><strong>inse</strong></span> <span class='ocrx_word' id='word_1_121' title='bbox 1618 1862 1807 1937; x_wconf 84' lang='lat' dir='ltr'><strong>continens</strong></span> <span class='ocrx_word' id='word_1_122' title='bbox 1833 1861 1978 1938; x_wconf 82' lang='lat' dir='ltr'><strong>videba-</strong></span> 
     </span>
     <span class='ocr_line' id='line_1_15' title="bbox 579 1972 1973 2077; baseline -0.002 -20"><span class='ocrx_word' id='word_1_123' title='bbox 579 1993 647 2058; x_wconf 90' lang='lat' dir='ltr'><strong>tur.</strong></span> <span class='ocrx_word' id='word_1_124' title='bbox 708 1977 783 2056; x_wconf 92' lang='lat' dir='ltr'><strong>Dn.</strong></span> <span class='ocrx_word' id='word_1_125' title='bbox 816 1972 1275 2058; x_wconf 65' lang='lat' dir='ltr'><strong>Athamaniam</strong></span> <span class='ocrx_word' id='word_1_126' title='bbox 1313 1979 1395 2058; x_wconf 80' lang='lat' dir='ltr'><strong>talia</strong></span> <span class='ocrx_word' id='word_1_127' title='bbox 1430 1979 1519 2056; x_wconf 90' lang='lat' dir='ltr'><strong>scire</strong></span> <span class='ocrx_word' id='word_1_128' title='bbox 1554 1981 1661 2055; x_wconf 88' lang='lat' dir='ltr'><strong>etiam</strong></span> <span class='ocrx_word' id='word_1_129' title='bbox 1696 1975 1798 2052; x_wconf 84' lang='lat' dir='ltr'><strong>valde</strong></span> <span class='ocrx_word' id='word_1_130' title='bbox 1823 1980 1973 2077; x_wconf 85' lang='lat' dir='ltr'><strong>gestiit,</strong></span> 
     </span>
     <span class='ocr_line' id='line_1_16' title="bbox 578 2095 1976 2199; baseline -0.002 -24"><span class='ocrx_word' id='word_1_131' title='bbox 578 2121 690 2198; x_wconf 91' lang='lat' dir='ltr'><strong>quern</strong></span> <span class='ocrx_word' id='word_1_132' title='bbox 713 2111 834 2174; x_wconf 90' lang='lat' dir='ltr'><strong>autem</strong></span> <span class='ocrx_word' id='word_1_133' title='bbox 862 2095 1088 2198; x_wconf 88' lang='lat' dir='ltr'><strong>frequentare</strong></span> <span class='ocrx_word' id='word_1_134' title='bbox 1107 2120 1184 2172; x_wconf 89' lang='lat' dir='ltr'><strong>non</strong></span> <span class='ocrx_word' id='word_1_135' title='bbox 1212 2099 1404 2186; x_wconf 84' lang='lat' dir='ltr'><strong>curabam,</strong></span> <span class='ocrx_word' id='word_1_136' title='bbox 1438 2101 1521 2199; x_wconf 88' lang='lat' dir='ltr'><strong>quia</strong></span> <span class='ocrx_word' id='word_1_137' title='bbox 1545 2111 1625 2174; x_wconf 86' lang='lat' dir='ltr'><strong>turn</strong></span> <span class='ocrx_word' id='word_1_138' title='bbox 1644 2096 1819 2194; x_wconf 85' lang='lat' dir='ltr'><strong>temporis</strong></span> <span class='ocrx_word' id='word_1_139' title='bbox 1847 2101 1887 2170; x_wconf 88' lang='lat' dir='ltr'><strong>in</strong></span> <span class='ocrx_word' id='word_1_140' title='bbox 1910 2095 1976 2172; x_wconf 90' lang='lat' dir='ltr'><strong>dis·</strong></span> 
     </span>
     <span class='ocr_line' id='line_1_17' title="bbox 579 2209 1976 2314; baseline 0 -24"><span class='ocrx_word' id='word_1_141' title='bbox 579 2213 670 2291; x_wconf 90' lang='lat' dir='ltr'><strong>fidio</strong></span> <span class='ocrx_word' id='word_1_142' title='bbox 684 2215 799 2291; x_wconf 85' lang='lat' dir='ltr'><strong>fuerat</strong></span> <span class='ocrx_word' id='word_1_143' title='bbox 820 2237 906 2293; x_wconf 87' lang='lat' dir='ltr'><strong>cunr</strong></span> <span class='ocrx_word' id='word_1_144' title='bbox 923 2212 998 2293; x_wconf 91' lang='lat' dir='ltr'><strong>Dn.</strong></span> <span class='ocrx_word' id='word_1_145' title='bbox 1012 2213 1114 2295; x_wconf 90' lang='lat' dir='ltr'><strong>Hos</strong></span> <span class='ocrx_word' id='word_1_146' title='bbox 1130 2237 1214 2290; x_wconf 82' lang='lat' dir='ltr'><strong>e1r</strong></span> <span class='ocrx_word' id='word_1_147' title='bbox 1228 2216 1372 2302; x_wconf 77' lang='lat' dir='ltr'><strong>acro‘,</strong></span> <span class='ocrx_word' id='word_1_148' title='bbox 1406 2217 1457 2292; x_wconf 94' lang='lat' dir='ltr'><strong>ob</strong></span> <span class='ocrx_word' id='word_1_149' title='bbox 1480 2213 1614 2293; x_wconf 87' lang='lat' dir='ltr'><strong>librum</strong></span> <span class='ocrx_word' id='word_1_150' title='bbox 1637 2209 1851 2314; x_wconf 88' lang='lat' dir='ltr'><strong>quemdam,</strong></span> <span class='ocrx_word' id='word_1_151' title='bbox 1865 2233 1976 2314; x_wconf 85' lang='lat' dir='ltr'><strong>quern</strong></span> 
     </span>
     <span class='ocr_line' id='line_1_18' title="bbox 579 2328 1976 2434; baseline 0.002 -26"><span class='ocrx_word' id='word_1_152' title='bbox 579 2331 640 2408; x_wconf 89' lang='lat' dir='ltr'><strong>ille</strong></span> <span class='ocrx_word' id='word_1_153' title='bbox 666 2331 938 2434; x_wconf 86' lang='lat' dir='ltr'><strong>composuerat,</strong></span> <span class='ocrx_word' id='word_1_154' title='bbox 965 2337 989 2386; x_wconf 67' lang='lat'><strong>⁹⁶</strong></span> <span class='ocrx_word' id='word_1_155' title='bbox 1017 2333 1078 2410; x_wconf 88' lang='lat' dir='ltr'><strong>hic</strong></span> <span class='ocrx_word' id='word_1_156' title='bbox 1102 2345 1222 2410; x_wconf 90' lang='lat' dir='ltr'><strong>autem</strong></span> <span class='ocrx_word' id='word_1_157' title='bbox 1244 2332 1438 2430; x_wconf 71' lang='lat' dir='ltr'><strong>refutaratl</strong></span> <span class='ocrx_word' id='word_1_158' title='bbox 1461 2333 1511 2410; x_wconf 92' lang='lat' dir='ltr'><strong>ob</strong></span> <span class='ocrx_word' id='word_1_159' title='bbox 1530 2333 1650 2433; x_wconf 88' lang='lat' dir='ltr'><strong>plures</strong></span> <span class='ocrx_word' id='word_1_160' title='bbox 1673 2330 1803 2431; x_wconf 89' lang='lat' dir='ltr'><strong>quibus</strong></span> <span class='ocrx_word' id='word_1_161' title='bbox 1823 2328 1976 2410; x_wconf 82' lang='lat' dir='ltr'><strong>scatebat</strong></span> 
     </span>
     <span class='ocr_line' id='line_1_19' title="bbox 576 2447 1975 2556; baseline 0.001 -30"><span class='ocrx_word' id='word_1_162' title='bbox 576 2447 833 2549; x_wconf 85' lang='lat' dir='ltr'><strong>paralogismos</strong></span> <span class='ocrx_word' id='word_1_163' title='bbox 858 2455 895 2530; x_wconf 78' lang='lat' dir='ltr'><strong>de</strong></span> <span class='ocrx_word' id='word_1_164' title='bbox 916 2475 1074 2539; x_wconf 86' lang='lat' dir='ltr'><strong>errores,</strong></span> <span class='ocrx_word' id='word_1_165' title='bbox 1108 2474 1268 2554; x_wconf 87' lang='lat' dir='ltr'><strong>quorum</strong></span> <span class='ocrx_word' id='word_1_166' title='bbox 1298 2452 1449 2556; x_wconf 89' lang='lat' dir='ltr'><strong>amplius</strong></span> <span class='ocrx_word' id='word_1_167' title='bbox 1476 2473 1552 2530; x_wconf 88' lang='lat' dir='ltr'><strong>non</strong></span> <span class='ocrx_word' id='word_1_168' title='bbox 1580 2449 1751 2545; x_wconf 86' lang='lat' dir='ltr'><strong>memini3</strong></span> <span class='ocrx_word' id='word_1_169' title='bbox 1788 2471 1908 2542; x_wconf 90' lang='lat' dir='ltr'><strong>nunc,</strong></span> <span class='ocrx_word' id='word_1_170' title='bbox 1933 2463 1975 2530; x_wconf 88' lang='lat' dir='ltr'><strong>ut</strong></span> 
     </span>
     <span class='ocr_line' id='line_1_20' title="bbox 575 2567 1935 2656; baseline 0.009 -12"><span class='ocrx_word' id='word_1_171' title='bbox 575 2567 708 2656; x_wconf 83' lang='lat' dir='ltr'><strong>audin,</strong></span> <span class='ocrx_word' id='word_1_172' title='bbox 741 2569 962 2647; x_wconf 89' lang='lat' dir='ltr'><strong>reconciliati</strong></span> <span class='ocrx_word' id='word_1_173' title='bbox 987 2567 1078 2648; x_wconf 89' lang='lat' dir='ltr'><strong>sunt.</strong></span> <span class='ocrx_word' id='word_1_174' title='bbox 1910 2627 1935 2656; x_wconf 50' lang='lat' dir='ltr'><strong>s</strong></span> 
     </span>
    </p>

    <p class='ocr_par' dir='ltr' id='par_1_3' title="bbox 456 2673 1973 3026">
     <span class='ocr_line' id='line_1_21' title="bbox 456 2673 1973 2788; baseline 0.003 -26"><span class='ocrx_word' id='word_1_175' title='bbox 456 2673 460 2684; x_wconf 78' lang='grc'><strong>’</strong></span> <span class='ocrx_word' id='word_1_176' title='bbox 633 2683 731 2762; x_wconf 92' lang='lat' dir='ltr'><strong>Inter</strong></span> <span class='ocrx_word' id='word_1_177' title='bbox 755 2684 982 2765; x_wconf 88' lang='lat' dir='ltr'><strong>scribendum</strong></span> <span class='ocrx_word' id='word_1_178' title='bbox 1000 2686 1197 2768; x_wconf 87' lang='lat' dir='ltr'><strong>afferuntur</strong></span> <span class='ocrx_word' id='word_1_179' title='bbox 1217 2687 1308 2766; x_wconf 92' lang='lat' dir='ltr'><strong>mihi</strong></span> <span class='ocrx_word' id='word_1_180' title='bbox 1334 2688 1458 2766; x_wconf 89' lang='lat' dir='ltr'><strong>litterae</strong></span> <span class='ocrx_word' id='word_1_181' title='bbox 1478 2679 1633 2765; x_wconf 85' lang='lat' dir='ltr'><strong>omnino</strong></span> <span class='ocrx_word' id='word_1_182' title='bbox 1657 2688 1813 2786; x_wconf 77' lang='lat' dir='ltr'><strong>ignotae3</strong></span> <span class='ocrx_word' id='word_1_183' title='bbox 1843 2685 1973 2788; x_wconf 85' lang='lat' dir='ltr'><strong>quibus</strong></span> 
     </span>
     <span class='ocr_line' id='line_1_22' title="bbox 577 2800 1973 2900; baseline 0.004 -23"><span class='ocrx_word' id='word_1_184' title='bbox 577 2800 785 2900; x_wconf 75' lang='lat' dir='ltr'><strong>resignatis,</strong></span> <span class='ocrx_word' id='word_1_185' title='bbox 819 2805 927 2882; x_wconf 80' lang='lat' dir='ltr'><strong>video</strong></span> <span class='ocrx_word' id='word_1_186' title='bbox 951 2827 1088 2881; x_wconf 89' lang='lat' dir='ltr'><strong>nomen</strong></span> <span class='ocrx_word' id='word_1_187' title='bbox 1102 2805 1180 2884; x_wconf 94' lang='lat' dir='ltr'><strong>Dn.</strong></span> <span class='ocrx_word' id='word_1_188' title='bbox 1214 2805 1428 2894; x_wconf 79' lang='lat' dir='ltr'><strong>Curnnc,</strong></span> <span class='ocrx_word' id='word_1_189' title='bbox 1460 2803 1664 2900; x_wconf 81' lang='lat' dir='ltr'><strong>Professorir</strong></span> <span class='ocrx_word' id='word_1_190' title='bbox 1688 2803 1888 2881; x_wconf 83' lang='lat' dir='ltr'><strong>Anatomiae</strong></span> <span class='ocrx_word' id='word_1_191' title='bbox 1905 2803 1973 2882; x_wconf 88' lang='lat' dir='ltr'><strong>Rc-</strong></span> 
     </span>
     <span class='ocr_line' id='line_1_23' title="bbox 577 2911 1970 3026; baseline 0.005 -33"><span class='ocrx_word' id='word_1_192' title='bbox 577 2921 629 3016; x_wconf 85' lang='lat' dir='ltr'><strong>gii</strong></span> <span class='ocrx_word' id='word_1_193' title='bbox 658 2911 959 3024; x_wconf 79' lang='lat' dir='ltr'><strong>Monspelienſss,</strong></span> <span class='ocrx_word' id='word_1_194' title='bbox 993 2945 1179 3026; x_wconf 85' lang='lat' dir='ltr'><strong>nunquam</strong></span> <span class='ocrx_word' id='word_1_195' title='bbox 1210 2921 1301 3000; x_wconf 86' lang='lat' dir='ltr'><strong>milri</strong></span> <span class='ocrx_word' id='word_1_196' title='bbox 1333 2921 1519 3001; x_wconf 84' lang='lat' dir='ltr'><strong>ante-hac</strong></span> <span class='ocrx_word' id='word_1_197' title='bbox 1546 2925 1654 3016; x_wconf 88' lang='lat' dir='ltr'><strong>noti;</strong></span> <span class='ocrx_word' id='word_1_198' title='bbox 1686 2924 1713 2996; x_wconf 89' lang='lat' dir='ltr'><strong>is</strong></span> <span class='ocrx_word' id='word_1_199' title='bbox 1749 2917 1970 3000; x_wconf 82' lang='lat' dir='ltr'><strong>Dissertatio·</strong></span> 
     </span>
    </p>

    <p class='ocr_par' dir='ltr' id='par_1_4' title="bbox 574 3027 2046 3609">
     <span class='ocr_line' id='line_1_24' title="bbox 576 3027 2046 3142; baseline 0.005 -32"><span class='ocrx_word' id='word_1_200' title='bbox 576 3059 661 3111; x_wconf 94' lang='lat' dir='ltr'><strong>nem</strong></span> <span class='ocrx_word' id='word_1_201' title='bbox 682 3060 800 3114; x_wconf 90' lang='lat' dir='ltr'><strong>meam</strong></span> <span class='ocrx_word' id='word_1_202' title='bbox 825 3037 868 3114; x_wconf 84' lang='lat' dir='ltr'><strong>de</strong></span> <span class='ocrx_word' id='word_1_203' title='bbox 890 3027 1009 3115; x_wconf 81' lang='lat' dir='ltr'><strong>Maru</strong></span> <span class='ocrx_word' id='word_1_204' title='bbox 1035 3035 1268 3141; x_wconf 78' lang='lat' dir='ltr'><strong>musculorum</strong></span> <span class='ocrx_word' id='word_1_205' title='bbox 1291 3039 1412 3140; x_wconf 85' lang='lat' dir='ltr'><strong>legisse</strong></span> <span class='ocrx_word' id='word_1_206' title='bbox 1436 3041 1612 3142; x_wconf 88' lang='lat' dir='ltr'><strong>quidem,</strong></span> <span class='ocrx_word' id='word_1_207' title='bbox 1645 3038 1726 3125; x_wconf 92' lang='lat' dir='ltr'><strong>sed,</strong></span> <span class='ocrx_word' id='word_1_208' title='bbox 1750 3041 1800 3116; x_wconf 93' lang='lat' dir='ltr'><strong>ob</strong></span> <span class='ocrx_word' id='word_1_209' title='bbox 1830 3036 1972 3117; x_wconf 81' lang='lat' dir='ltr'><strong>irausrta·</strong></span> <span class='ocrx_word' id='word_1_210' title='bbox 2043 3087 2046 3094; x_wconf 33' lang='grc' dir='ltr'><strong><em>ι</em></strong></span> 
     </span>
     <span class='ocr_line' id='line_1_25' title="bbox 575 3153 1970 3258; baseline 0.001 -28"><span class='ocrx_word' id='word_1_211' title='bbox 575 3167 654 3230; x_wconf 90' lang='lat' dir='ltr'><strong>tum</strong></span> <span class='ocrx_word' id='word_1_212' title='bbox 677 3153 875 3232; x_wconf 85' lang='lat' dir='ltr'><strong>calculandi</strong></span> <span class='ocrx_word' id='word_1_213' title='bbox 895 3155 1072 3244; x_wconf 92' lang='lat' dir='ltr'><strong>modum,</strong></span> <span class='ocrx_word' id='word_1_214' title='bbox 1105 3161 1300 3234; x_wconf 85' lang='lat' dir='ltr'><strong>maximam</strong></span> <span class='ocrx_word' id='word_1_215' title='bbox 1325 3159 1362 3234; x_wconf 68' lang='grc' dir='ltr'><strong>δι</strong></span> <span class='ocrx_word' id='word_1_216' title='bbox 1382 3162 1597 3258; x_wconf 88' lang='lat' dir='ltr'><strong>praecipuam</strong></span> <span class='ocrx_word' id='word_1_217' title='bbox 1613 3171 1750 3256; x_wconf 91' lang='lat' dir='ltr'><strong>partem</strong></span> <span class='ocrx_word' id='word_1_218' title='bbox 1774 3179 1851 3232; x_wconf 92' lang='lat' dir='ltr'><strong>non</strong></span> <span class='ocrx_word' id='word_1_219' title='bbox 1868 3157 1970 3233; x_wconf 83' lang='lat' dir='ltr'><strong>intel·</strong></span> 
     </span>
     <span class='ocr_line' id='line_1_26' title="bbox 574 3269 1969 3375; baseline 0.005 -31"><span class='ocrx_word' id='word_1_220' title='bbox 574 3269 694 3346; x_wconf 71' lang='lat' dir='ltr'><strong>lexiffe</strong></span> <span class='ocrx_word' id='word_1_221' title='bbox 725 3277 918 3372; x_wconf 89' lang='lat' dir='ltr'><strong>queritur,</strong></span> <span class='ocrx_word' id='word_1_222' title='bbox 953 3297 1084 3374; x_wconf 89' lang='lat' dir='ltr'><strong>meque</strong></span> <span class='ocrx_word' id='word_1_223' title='bbox 1106 3289 1320 3375; x_wconf 91' lang='lat' dir='ltr'><strong>propterea,</strong></span> <span class='ocrx_word' id='word_1_224' title='bbox 1352 3272 1606 3354; x_wconf 75' lang='lat' dir='ltr'><strong>humanissimis</strong></span> <span class='ocrx_word' id='word_1_225' title='bbox 1633 3274 1748 3348; x_wconf 85' lang='lat' dir='ltr'><strong>verbis</strong></span> <span class='ocrx_word' id='word_1_226' title='bbox 1780 3275 1817 3348; x_wconf 82' lang='lat' dir='ltr'><strong>dc</strong></span> <span class='ocrx_word' id='word_1_227' title='bbox 1849 3273 1969 3352; x_wconf 79' lang='lat' dir='ltr'><strong>multis</strong></span> 
     </span>
     <span class='ocr_line' id='line_1_27' title="bbox 576 3385 1970 3492; baseline 0.004 -30"><span class='ocrx_word' id='word_1_228' title='bbox 576 3388 614 3462; x_wconf 90' lang='lat' dir='ltr'><strong>in</strong></span> <span class='ocrx_word' id='word_1_229' title='bbox 644 3385 832 3467; x_wconf 88' lang='lat' dir='ltr'><strong>Calculurn</strong></span> <span class='ocrx_word' id='word_1_230' title='bbox 855 3389 1126 3477; x_wconf 83' lang='lat' dir='ltr'><strong>differentialem</strong></span> <span class='ocrx_word' id='word_1_231' title='bbox 1146 3391 1298 3492; x_wconf 87' lang='lat' dir='ltr'><strong>elogiis,</strong></span> <span class='ocrx_word' id='word_1_232' title='bbox 1330 3407 1435 3492; x_wconf 87' lang='lat' dir='ltr'><strong>rogat</strong></span> <span class='ocrx_word' id='word_1_233' title='bbox 1458 3405 1498 3470; x_wconf 90' lang='lat' dir='ltr'><strong>ut</strong></span> <span class='ocrx_word' id='word_1_234' title='bbox 1523 3415 1568 3469; x_wconf 81' lang='lat' dir='ltr'><strong>ex</strong></span> <span class='ocrx_word' id='word_1_235' title='bbox 1598 3391 1727 3491; x_wconf 92' lang='lat' dir='ltr'><strong>quibus</strong></span> <span class='ocrx_word' id='word_1_236' title='bbox 1754 3389 1970 3470; x_wconf 72' lang='lat' dir='ltr'><strong>Austoribus</strong></span> 
     </span>
     <span class='ocr_line' id='line_1_28' title="bbox 1872 3532 1973 3609; baseline -0.01 -23"><span class='ocrx_word' id='word_1_237' title='bbox 1872 3532 1973 3609; x_wconf 87' lang='lat' dir='ltr'><strong>pnn-</strong></span> 
     </span>
    </p>
   </div>
   <div class='ocr_carea' id='block_1_3' title="bbox 573 3699 1973 4531">
    <p class='ocr_par' dir='ltr' id='par_1_5' title="bbox 575 3699 1971 3882">
     <span class='ocr_line' id='line_1_29' title="bbox 618 3699 1971 3799; baseline 0.001 -21"><span class='ocrx_word' id='word_1_238' title='bbox 618 3724 638 3770; x_wconf 56' lang='grc' dir='ltr'><strong><em>ἐ</em></strong></span> <span class='ocrx_word' id='word_1_239' title='bbox 662 3712 817 3793; x_wconf 66' lang='lat' dir='ltr'><strong>registrare</strong></span> <span class='ocrx_word' id='word_1_240' title='bbox 831 3732 907 3792; x_wconf 81' lang='lat' dir='ltr'><strong>pour</strong></span> <span class='ocrx_word' id='word_1_241' title='bbox 920 3720 948 3777; x_wconf 84' lang='lat' dir='ltr'><strong>la</strong></span> <span class='ocrx_word' id='word_1_242' title='bbox 967 3721 1076 3780; x_wconf 78' lang='lat' dir='ltr'><strong>sciente</strong></span> <span class='ocrx_word' id='word_1_243' title='bbox 1090 3699 1220 3799; x_wconf 72' lang='lat' dir='ltr'><strong>generale·</strong></span> <span class='ocrx_word' id='word_1_244' title='bbox 1236 3723 1282 3781; x_wconf 83' lang='lat' dir='ltr'><strong>der</strong></span> <span class='ocrx_word' id='word_1_245' title='bbox 1292 3721 1374 3797; x_wconf 82' lang='lat' dir='ltr'><strong>lignes</strong></span> <span class='ocrx_word' id='word_1_246' title='bbox 1386 3719 1521 3790; x_wconf 79' lang='lat' dir='ltr'><strong>Caurder,</strong></span> <span class='ocrx_word' id='word_1_247' title='bbox 1543 3737 1580 3778; x_wconf 81' lang='lat' dir='ltr'><strong>ou</strong></span> <span class='ocrx_word' id='word_1_248' title='bbox 1600 3719 1732 3783; x_wconf 62' lang='lat' dir='ltr'><strong>Moriere</strong></span> <span class='ocrx_word' id='word_1_249' title='bbox 1750 3713 1912 3798; x_wconf 73' lang='lat' dir='ltr'><strong>wriarrfille</strong></span> <span class='ocrx_word' id='word_1_250' title='bbox 1929 3717 1971 3794; x_wconf 59' lang='grc' dir='ltr'><strong>Θ</strong></span> 
     </span>
     <span class='ocr_line' id='line_1_30' title="bbox 575 3796 1879 3882; baseline 0.002 -25"><span class='ocrx_word' id='word_1_251' title='bbox 575 3799 672 3875; x_wconf 79' lang='lat' dir='ltr'><strong>r&#39;rrflnr&#39;e</strong></span> <span class='ocrx_word' id='word_1_252' title='bbox 691 3797 855 3870; x_wconf 63' lang='lat' dir='ltr'><strong>deep-ime</strong></span> <span class='ocrx_word' id='word_1_253' title='bbox 875 3798 913 3872; x_wconf 63' lang='lat' dir='ltr'><strong>Es?</strong></span> <span class='ocrx_word' id='word_1_254' title='bbox 929 3803 962 3859; x_wconf 78' lang='lat' dir='ltr'><strong>dr</strong></span> <span class='ocrx_word' id='word_1_255' title='bbox 981 3817 1121 3875; x_wconf 75' lang='lat' dir='ltr'><strong>consparer</strong></span> <span class='ocrx_word' id='word_1_256' title='bbox 1140 3803 1178 3862; x_wconf 82' lang='lat' dir='ltr'><strong>les</strong></span> <span class='ocrx_word' id='word_1_257' title='bbox 1191 3796 1345 3882; x_wconf 76' lang='lat' dir='ltr'><strong>purffances</strong></span> <span class='ocrx_word' id='word_1_258' title='bbox 1364 3801 1571 3876; x_wconf 82' lang='lat' dir='ltr'><strong>dtrgrandenrs</strong></span> <span class='ocrx_word' id='word_1_259' title='bbox 1593 3801 1658 3858; x_wconf 83' lang='lat'>12⁰.</span> <span class='ocrx_word' id='word_1_260' title='bbox 1682 3799 1764 3860; x_wconf 84' lang='lat' dir='ltr'><strong>Paris.</strong></span> <span class='ocrx_word' id='word_1_261' title='bbox 1791 3798 1879 3878; x_wconf 77' lang='lat'><em>1692.</em></span> 
     </span>
    </p>

    <p class='ocr_par' dir='ltr' id='par_1_6' title="bbox 574 3875 1969 4203">
     <span class='ocr_line' id='line_1_31' title="bbox 616 3875 1969 3958; baseline 0 -18"><span class='ocrx_word' id='word_1_262' title='bbox 616 3889 634 3940; x_wconf 90' lang='lat'>†</span> <span class='ocrx_word' id='word_1_263' title='bbox 657 3883 821 3954; x_wconf 80' lang='lat' dir='ltr'><strong>anrorques</strong></span> <span class='ocrx_word' id='word_1_264' title='bbox 833 3875 889 3956; x_wconf 79' lang='lat' dir='ltr'><strong>sm·</strong></span> <span class='ocrx_word' id='word_1_265' title='bbox 903 3902 946 3940; x_wconf 82' lang='lat' dir='ltr'><strong>rur</strong></span> <span class='ocrx_word' id='word_1_266' title='bbox 964 3884 1047 3942; x_wconf 71' lang='lat' dir='ltr'><strong>livre</strong></span> <span class='ocrx_word' id='word_1_267' title='bbox 1068 3901 1199 3942; x_wconf 73' lang='lat' dir='ltr'><strong>musaeu</strong></span> <span class='ocrx_word' id='word_1_268' title='bbox 1216 3881 1336 3942; x_wconf 67' lang='lat' dir='ltr'><strong>erratura</strong></span> <span class='ocrx_word' id='word_1_269' title='bbox 1370 3881 1499 3958; x_wconf 86' lang='lat' dir='ltr'><strong>Principe</strong></span> <span class='ocrx_word' id='word_1_270' title='bbox 1523 3879 1560 3942; x_wconf 91' lang='lat' dir='ltr'><strong>de</strong></span> <span class='ocrx_word' id='word_1_271' title='bbox 1582 3879 1608 3940; x_wconf 88' lang='lat' dir='ltr'><strong>la</strong></span> <span class='ocrx_word' id='word_1_272' title='bbox 1626 3880 1748 3941; x_wconf 82' lang='lat' dir='ltr'><strong>Science</strong></span> <span class='ocrx_word' id='word_1_273' title='bbox 1761 3880 1893 3956; x_wconf 81' lang='lat' dir='ltr'><strong>generale</strong></span> <span class='ocrx_word' id='word_1_274' title='bbox 1917 3880 1969 3941; x_wconf 83' lang='lat' dir='ltr'><strong>des</strong></span> 
     </span>
     <span class='ocr_line' id='line_1_32' title="bbox 574 3957 1965 4042; baseline 0.001 -21"><span class='ocrx_word' id='word_1_275' title='bbox 574 3960 664 4036; x_wconf 84' lang='lat' dir='ltr'><strong>lignes</strong></span> <span class='ocrx_word' id='word_1_276' title='bbox 683 3957 814 4018; x_wconf 85' lang='lat' dir='ltr'><strong>courbes.</strong></span> <span class='ocrx_word' id='word_1_277' title='bbox 843 3959 960 4033; x_wconf 83' lang='lat' dir='ltr'><strong>Journal</strong></span> <span class='ocrx_word' id='word_1_278' title='bbox 980 3961 1033 4022; x_wconf 85' lang='lat' dir='ltr'><strong>des</strong></span> <span class='ocrx_word' id='word_1_279' title='bbox 1051 3961 1181 4042; x_wconf 77' lang='lat' dir='ltr'><strong>Scnvans</strong></span> <span class='ocrx_word' id='word_1_280' title='bbox 1210 3971 1287 4042; x_wconf 84' lang='lat'><strong>¹⁶9²</strong></span> <span class='ocrx_word' id='word_1_281' title='bbox 1311 3977 1357 4042; x_wconf 85' lang='lat'><strong>15.</strong></span> <span class='ocrx_word' id='word_1_282' title='bbox 1379 3959 1478 4035; x_wconf 82' lang='lat' dir='ltr'><strong>Journ.</strong></span> <span class='ocrx_word' id='word_1_283' title='bbox 1503 3961 1543 4022; x_wconf 90' lang='lat' dir='ltr'><strong>du</strong></span> <span class='ocrx_word' id='word_1_284' title='bbox 1561 3979 1606 4020; x_wconf 82' lang='lat'><strong>21.</strong></span> <span class='ocrx_word' id='word_1_285' title='bbox 1631 3961 1697 4022; x_wconf 77' lang='lat' dir='ltr'><strong>Art.</strong></span> <span class='ocrx_word' id='word_1_286' title='bbox 1721 3979 1785 4038; x_wconf 77' lang='lat' dir='ltr'><strong>pag.</strong></span> <span class='ocrx_word' id='word_1_287' title='bbox 1813 3977 1882 4042; x_wconf 79' lang='lat'><strong>257.</strong></span> <span class='ocrx_word' id='word_1_288' title='bbox 1916 3959 1965 4022; x_wconf 78' lang='lat' dir='ltr'><strong>Ed</strong></span> 
     </span>
     <span class='ocr_line' id='line_1_33' title="bbox 574 4037 1302 4203; baseline 0.001 -19"><span class='ocrx_word' id='word_1_289' title='bbox 574 4037 723 4203; x_wconf 49' lang='lat' dir='ltr'><strong>dlieeftssggit</strong></span> <span class='ocrx_word' id='word_1_290' title='bbox 744 4119 798 4181; x_wconf 80' lang='lat' dir='ltr'><strong>Ca</strong></span> <span class='ocrx_word' id='word_1_291' title='bbox 809 4137 829 4177; x_wconf 75' lang='lat' dir='ltr'><strong>‘r</strong></span> <span class='ocrx_word' id='word_1_292' title='bbox 841 4137 857 4178; x_wconf 86' lang='lat' dir='ltr'><strong>r</strong></span> <span class='ocrx_word' id='word_1_293' title='bbox 867 4141 883 4178; x_wconf 77' lang='lat' dir='ltr'><strong>r.</strong></span> <span class='ocrx_word' id='word_1_294' title='bbox 894 4139 914 4179; x_wconf 79' lang='lat' dir='ltr'><strong>a</strong></span> <span class='ocrx_word' id='word_1_295' title='bbox 926 4139 948 4185; x_wconf 73' lang='lat' dir='ltr'><strong>&gt;a</strong></span> <span class='ocrx_word' id='word_1_296' title='bbox 960 4141 1004 4183; x_wconf 88' lang='lat' dir='ltr'><strong>us</strong></span> <span class='ocrx_word' id='word_1_297' title='bbox 1025 4125 1054 4183; x_wconf 89' lang='lat' dir='ltr'><strong>in</strong></span> <span class='ocrx_word' id='word_1_298' title='bbox 1071 4123 1175 4185; x_wconf 74' lang='lat' dir='ltr'><strong>coelem</strong></span> <span class='ocrx_word' id='word_1_299' title='bbox 1196 4125 1302 4188; x_wconf 77' lang='lat' dir='ltr'><strong>Dianio.</strong></span> 
     </span>
    </p>

    <p class='ocr_par' dir='ltr' id='par_1_7' title="bbox 573 4201 1973 4531">
     <span class='ocr_line' id='line_1_34' title="bbox 616 4201 1970 4286; baseline 0.004 -24"><span class='ocrx_word' id='word_1_300' title='bbox 616 4205 756 4270; x_wconf 78' lang='lat' dir='ltr'><strong>Mmroire</strong></span> <span class='ocrx_word' id='word_1_301' title='bbox 776 4201 910 4262; x_wconf 66' lang='lat' dir='ltr'><strong>rorabant</strong></span> <span class='ocrx_word' id='word_1_302' title='bbox 927 4223 983 4261; x_wconf 80' lang='lat' dir='ltr'><strong>um</strong></span> <span class='ocrx_word' id='word_1_303' title='bbox 1002 4207 1135 4267; x_wconf 74' lang='lat' dir='ltr'><strong>Methone</strong></span> <span class='ocrx_word' id='word_1_304' title='bbox 1151 4222 1223 4279; x_wconf 81' lang='lat' dir='ltr'><strong>pour</strong></span> <span class='ocrx_word' id='word_1_305' title='bbox 1239 4211 1275 4266; x_wconf 86' lang='lat' dir='ltr'><strong>les</strong></span> <span class='ocrx_word' id='word_1_306' title='bbox 1289 4209 1445 4284; x_wconf 67' lang='lat' dir='ltr'><strong>Tangam</strong></span> <span class='ocrx_word' id='word_1_307' title='bbox 1455 4208 1502 4266; x_wconf 83' lang='lat' dir='ltr'><strong>der</strong></span> <span class='ocrx_word' id='word_1_308' title='bbox 1517 4205 1603 4282; x_wconf 75' lang='lat' dir='ltr'><strong>dgner</strong></span> <span class='ocrx_word' id='word_1_309' title='bbox 1620 4203 1798 4266; x_wconf 66' lang='lat' dir='ltr'><strong>Condersrc</strong></span> <span class='ocrx_word' id='word_1_310' title='bbox 1814 4221 1862 4286; x_wconf 80' lang='lat'><strong>32.</strong></span> <span class='ocrx_word' id='word_1_311' title='bbox 1888 4203 1970 4282; x_wconf 80' lang='lat' dir='ltr'><strong>Jour-</strong></span> 
     </span>
     <span class='ocr_line' id='line_1_35' title="bbox 573 4281 1895 4362; baseline -0.005 -17"><span class='ocrx_word' id='word_1_312' title='bbox 573 4283 620 4346; x_wconf 82' lang='lat' dir='ltr'><strong>nal</strong></span> <span class='ocrx_word' id='word_1_313' title='bbox 643 4285 682 4344; x_wconf 87' lang='lat' dir='ltr'><strong>du</strong></span> <span class='ocrx_word' id='word_1_314' title='bbox 709 4294 754 4354; x_wconf 86' lang='lat'><strong>18.</strong></span> <span class='ocrx_word' id='word_1_315' title='bbox 770 4281 864 4344; x_wconf 84' lang='lat' dir='ltr'><strong>lloull.</strong></span> <span class='ocrx_word' id='word_1_316' title='bbox 886 4299 948 4360; x_wconf 83' lang='lat' dir='ltr'><strong>pag.</strong></span> <span class='ocrx_word' id='word_1_317' title='bbox 971 4299 1036 4362; x_wconf 75' lang='lat'><strong>557.</strong></span> <span class='ocrx_word' id='word_1_318' title='bbox 1058 4281 1110 4345; x_wconf 79' lang='lat' dir='ltr'><strong>Ed.</strong></span> <span class='ocrx_word' id='word_1_319' title='bbox 1130 4284 1167 4344; x_wconf 88' lang='lat' dir='ltr'><strong>de</strong></span> <span class='ocrx_word' id='word_1_320' title='bbox 1191 4285 1269 4350; x_wconf 84' lang='lat' dir='ltr'><strong>lloll.</strong></span> <span class='ocrx_word' id='word_1_321' title='bbox 1892 4329 1895 4338; x_wconf 22' lang='grc' dir='ltr'><strong><em>Δ</em></strong></span> 
     </span>
     <span class='ocr_line' id='line_1_36' title="bbox 574 4367 1973 4531; baseline 0.003 -23"><span class='ocrx_word' id='word_1_322' title='bbox 574 4367 735 4523; x_wconf 53' lang='lat' dir='ltr'><strong>ltekmaponse</strong></span> <span class='ocrx_word' id='word_1_323' title='bbox 752 4445 771 4505; x_wconf 78' lang='lat' dir='ltr'><strong>d</strong></span> <span class='ocrx_word' id='word_1_324' title='bbox 787 4445 916 4524; x_wconf 80' lang='lat' dir='ltr'><strong>quelques</strong></span> <span class='ocrx_word' id='word_1_325' title='bbox 935 4443 1087 4520; x_wconf 66' lang='lat' dir='ltr'><strong>carcerom</strong></span> <span class='ocrx_word' id='word_1_326' title='bbox 1102 4457 1198 4510; x_wconf 74' lang='lat' dir='ltr'><strong>cordre</strong></span> <span class='ocrx_word' id='word_1_327' title='bbox 1213 4467 1257 4522; x_wconf 77' lang='lat' dir='ltr'><strong>un</strong></span> <span class='ocrx_word' id='word_1_328' title='bbox 1275 4449 1353 4510; x_wconf 74' lang='lat' dir='ltr'><strong>Eois</strong></span> <span class='ocrx_word' id='word_1_329' title='bbox 1372 4447 1487 4510; x_wconf 82' lang='lat' dir='ltr'><strong>intitule&#39;</strong></span> <span class='ocrx_word' id='word_1_330' title='bbox 1506 4431 1637 4524; x_wconf 74' lang='lat' dir='ltr'><strong>Principe</strong></span> <span class='ocrx_word' id='word_1_331' title='bbox 1650 4447 1686 4510; x_wconf 87' lang='lat' dir='ltr'><strong>de</strong></span> <span class='ocrx_word' id='word_1_332' title='bbox 1700 4444 1729 4507; x_wconf 86' lang='lat' dir='ltr'><strong>la</strong></span> <span class='ocrx_word' id='word_1_333' title='bbox 1748 4445 1866 4516; x_wconf 84' lang='lat' dir='ltr'><strong>Scienct</strong></span> <span class='ocrx_word' id='word_1_334' title='bbox 1885 4463 1973 4531; x_wconf 69' lang='lat' dir='ltr'><strong>germ·</strong></span> 
     </span>
    </p>
   </div>
   <div class='ocr_carea' id='block_1_4' title="bbox 529 4524 1775 4614">
    <p class='ocr_par' dir='ltr' id='par_1_8' title="bbox 529 4524 1775 4614">
     <span class='ocr_line' id='line_1_37' title="bbox 529 4524 1775 4614; baseline 0.005 -26"><span class='ocrx_word' id='word_1_335' title='bbox 529 4574 533 4588; x_wconf 88' lang='grc'><strong><em>,</em></strong></span> <span class='ocrx_word' id='word_1_336' title='bbox 571 4527 631 4594; x_wconf 84' lang='lat' dir='ltr'><strong>sale</strong></span> <span class='ocrx_word' id='word_1_337' title='bbox 648 4529 699 4594; x_wconf 87' lang='lat' dir='ltr'><strong>des</strong></span> <span class='ocrx_word' id='word_1_338' title='bbox 710 4527 801 4608; x_wconf 78' lang='lat' dir='ltr'><strong>lignes</strong></span> <span class='ocrx_word' id='word_1_339' title='bbox 819 4524 948 4592; x_wconf 51' lang='lat' dir='ltr'><strong>¹cousins.</strong></span> <span class='ocrx_word' id='word_1_340' title='bbox 970 4527 1017 4608; x_wconf 79' lang='lat'><strong>3⁶·</strong></span> <span class='ocrx_word' id='word_1_341' title='bbox 1040 4526 1138 4606; x_wconf 78' lang='lat' dir='ltr'><strong>Journ</strong></span> <span class='ocrx_word' id='word_1_342' title='bbox 1162 4528 1202 4596; x_wconf 79' lang='lat' dir='ltr'><strong>da</strong></span> <span class='ocrx_word' id='word_1_343' title='bbox 1224 4545 1273 4608; x_wconf 73' lang='lat' dir='ltr'><strong>ar.</strong></span> <span class='ocrx_word' id='word_1_344' title='bbox 1291 4530 1369 4614; x_wconf 76' lang='lat' dir='ltr'><strong>Sept</strong></span> <span class='ocrx_word' id='word_1_345' title='bbox 1387 4549 1451 4610; x_wconf 84' lang='lat' dir='ltr'><strong>pag.</strong></span> <span class='ocrx_word' id='word_1_346' title='bbox 1473 4529 1544 4610; x_wconf 66' lang='lat'><strong>6³⁶.</strong></span> <span class='ocrx_word' id='word_1_347' title='bbox 1561 4527 1614 4600; x_wconf 77' lang='lat' dir='ltr'><strong>Ed.</strong></span> <span class='ocrx_word' id='word_1_348' title='bbox 1638 4528 1676 4598; x_wconf 87' lang='lat' dir='ltr'><strong>dc</strong></span> <span class='ocrx_word' id='word_1_349' title='bbox 1693 4525 1775 4594; x_wconf 84' lang='lat' dir='ltr'><strong>lloll.</strong></span> 
     </span>
    </p>
   </div>
   <div class='ocr_carea' id='block_1_5' title="bbox 0 0 2176 5526">
    <p class='ocr_par' dir='ltr' id='par_1_9' title="bbox 0 0 2176 5526">
     <span class='ocr_line' id='line_1_38' title="bbox 0 0 2176 5526; baseline 0 2"><span class='ocrx_word' id='word_1_350' title='bbox 0 0 2176 5526; x_wconf 95' lang='lat' dir='ltr'><strong> </strong></span> 
     </span>
    </p>
   </div>
  </div>
 </body>
</html>
