4168 5524
413 281 415 286 ’
534 309 609 384 412
733 283 1809 413 coaemmrnorumearaaocicuar,

379 469 474 546 1698
529 434 631 536 quod
653 455 782 512 omnes
803 447 920 536 partes
945 447 1077 510 catenae
1100 429 1189 507 dum
1209 427 1320 506 libere
1333 429 1515 528 pendent,
1531 454 1617 542 eum
1641 431 1748 511 fitmn
1770 431 1926 522 sumunt,

381 559 505 634 Ottob.
527 567 569 632 ut
588 557 680 630 inter
712 553 746 628 fe
776 550 1068 652 equilibrentur3
1100 545 1196 624 unde
1216 544 1255 622 iit
1273 559 1314 622 ut
1332 544 1360 622 li
1379 559 1454 625 tota
1481 565 1624 638 mactra,
1658 574 1744 628 eum
1774 555 1934 650 partium

524 669 633 748 fitum
657 673 830 756 retinens,
863 671 955 744 circa
980 661 1246 742 horizontalem
1266 666 1428 740 converti
1448 665 1689 766 intelligatur,
1715 667 1835 744 donec
1855 691 1935 744 ver-

528 788 679 865 ticaliter
698 786 833 864 sursum
853 788 1031 884 erigatur,
1057 795 1173 881 partes
1194 793 1325 858 catenae
1349 781 1504 858 eundem
1529 780 1635 862 situm
1653 787 1853 862 etiamnum
1866 784 1936 860 fer-

528 929 612 982 vare
637 903 810 996 debeant;
842 925 927 978 cum
954 902 1051 976 enim
1081 896 1178 974 nulla
1211 919 1291 996 pars
1324 897 1469 976 alteram
1502 902 1615 998 magis
1640 901 1840 980 extrorsum
1874 925 1936 978 ur·

530 1035 632 1122 gear,
661 1041 769 1121 quam
792 1017 864 1118 ipsa
892 1019 936 1094 ab
959 1039 999 1092 ea
1022 1012 1221 1092 extrorsum
1237 1031 1410 1112 urgetur,
1445 1031 1634 1114 propterea
1655 1018 1756 1118 quod
1782 1018 1934 1095 direftio

529 1141 710 1238 gravitatis
729 1139 885 1235 partium
905 1157 981 1209 non
1000 1132 1107 1210 fuerit
1133 1145 1296 1216 mutata,
1329 1131 1388 1206 fed
1408 1145 1548 1212 tantum
1569 1136 1606 1209 in
1630 1138 1853 1214 contrarium
1871 1136 1934 1212 de-

518 1259 750 1347 ·terminata;
779 1251 857 1327 fane
887 1250 994 1326 altera
1019 1249 1165 1324 alteram
1188 1246 1387 1335 suffulcire,
1418 1249 1582 1350 adeoque
1604 1263 1682 1328 tota
1713 1263 1860 1341 catena,
1893 1253 1933 1328 li-

530 1385 590 1448 cet
614 1369 761 1456 flexilis,
794 1372 842 1444 ita
865 1381 1005 1444 arcuata
1026 1387 1170 1442 manere
1194 1365 1330 1451 debet,
1360 1365 1404 1446 ad
1427 1367 1534 1442 instar
1555 1367 1703 1444 fornicis
1726 1357 1834 1468 rigidi
1859 1396 1869 1445 ε
1890 1369 1932 1448 Et

532 1487 580 1564 fic
609 1488 782 1564 catenaria
812 1481 982 1583 aptiffnna
1008 1483 1057 1558 est
1087 1481 1200 1579 figura
1232 1481 1364 1558 fornici
1395 1483 1632 1563 concilianda.
1693 1485 1764 1565 Sed
1799 1487 1933 1564 fallitur
2057 1561 2058 1588 i

533 1604 832 1683 Gneoonutr
869 1599 971 1700 quod
1000 1614 1102 1698 putat
1126 1597 1340 1676 ordinariam
1366 1597 1618 1689 Catenariam,
1650 1625 1769 1701 ‘quam
1800 1601 1932 1688 scilicet
2057 1653 2058 1658 Ν

469 1717 471 1722 ’
532 1718 672 1798 inducit
705 1733 827 1795 catena
856 1715 1074 1804 uniformis,
1106 1715 1216 1792 solam
1248 1729 1367 1814 aptam
1396 1713 1462 1792 effe
1491 1739 1561 1817 pro
1591 1717 1739 1796 fornice.
1801 1719 1934 1820 Liquet

533 1841 631 1913 enirn
655 1837 748 1912 clare
777 1835 953 1911 fornicem
979 1830 1077 1932 polle
1103 1831 1170 1909 effe
1195 1832 1425 1920 circularem,
1456 1833 1724 1936 parabolicum,
1757 1837 1796 1912 δι
1818 1836 1932 1932 cujus·
2058 1851 2059 1908 f

532 1975 676 2056 cunque
698 1952 840 2030 alterius
863 1950 1008 2049 figurae,
1040 1949 1199 2026 iimodo
1225 1948 1359 2048 lapides
1383 1951 1595 2050 quadratarii
1614 1947 1704 2052 [les
1725 1947 1929 2055 vouffoirs]

531 2069 710 2147 fornicem
738 2070 1017 2152 constituentes,
1051 2065 1164 2143 debiti
1190 2065 1360 2166 ponderis
1387 2066 1499 2155 fiant,
1531 2091 1599 2168 pro
1626 2067 1765 2147 ratione
1791 2071 1932 2170 ponde-
2059 2106 2060 2160 i

416 2200 420 2206 '
532 2191 579 2264 ris
602 2191 758 2287 partium
786 2199 918 2261 catenae
945 2206 1022 2260 non
1043 2183 1255 2269 uniformis,
1288 2205 1367 2281 quae
1401 2183 1512 2261 libere
1543 2184 1738 2285 pendendo
1767 2187 1930 2263 eamdem

504 2351 508 2358 -
532 2317 780 2390 curvaturam,
804 2325 914 2403 quam
937 2299 1068 2380 fornici
1082 2299 1166 2377 dare
1184 2298 1385 2388 voluimus,
1417 2299 1591 2380 induer'et.
1623 2299 1833 2382 Ridiculum
1846 2303 1930 2382 hinc

532 2423 607 2512 est,
639 2419 740 2521 qood
773 2418 1065 2498 Graecumue
1097 2415 1189 2492 dicit
1221 2416 1376 2495 fornices
1409 2417 1571 2517 vulgares
1596 2442 1675 2496 non
1703 2419 1750 2498 ad
1776 2419 1931 2520 figuram

531 2537 725 2616 Catenariae
746 2537 933 2612 ordinatim
962 2535 1085 2617 latios,
1105 2531 1190 2610 ideo
1208 2548 1349 2612 tantum
1364 2533 1398 2609 fe
1411 2532 1620 2624 sustentare,
1652 2537 1755 2636 quod
1771 2561 1859 2616 cum
1872 2539 1931 2616 ha·
2060 2537 2061 2546 '

528 2655 637 2730 beant
661 2653 710 2728 fat
729 2673 897 2752 magnam
920 2651 1167 2738 latitudinem,
1186 2649 1337 2750 femper
1360 2652 1452 2729 mm
1471 2651 1551 2730 suos
1568 2653 1700 2730 limbos
1723 2658 1930 2732 contineant

530 2793 652 2846 veram
681 2783 906 2846 curvaturam
925 2781 1068 2844 catenae
1099 2767 1137 2845 Si
1160 2771 1257 2844 enim
1281 2767 1354 2846 hoc
1377 2765 1480 2856 effet,
1512 2768 1661 2846 interior
1680 2768 1832 2848 fornicis
1846 2773 1927 2848 lim·
2061 2839 2062 2852 ,

530 2888 597 2963 bus
626 2886 763 2987 femper
795 2899 1006 2978 corrueret3
1037 2883 1095 2960 vel
1120 2883 1147 2960 fi
1173 2909 1297 2962 murus
1325 2891 1547 2964 extrueretur
1578 2885 1681 2986 super
1705 2888 1845 2966 duabus
1871 2911 1931 2966 co·

529 3003 686 3140 lumm's,
717 3022 793 3078 non
808 3015 906 3078 totus
929 3023 1052 3078 murus
1068 3023 1236 3078 corruere
1252 3002 1416 3089 deberet,
1449 3002 1509 3078 fed
1529 3005 1653 3106 portio
1677 3017 1821 3083 tantum
1836 3029 1932 3106 que·

528 3121 614 3197 dam
638 3118 826 3205 excidere,
858 3139 938 3218 quae
969 3119 1158 3194 cavitatem
1185 3117 1421 3218 relinqueret,
1453 3119 1498 3196 ad
1519 3121 1672 3220 figuram
1695 3136 1829 3200 catenae
1859 3123 1932 3200 for-

529 3237 685 3316 matam:
717 3234 763 3315 Et
782 3233 830 3311 fic
856 3247 980 3312 natura
1009 3234 1135 3334 sponte
1150 3233 1215 3310 fibi
1238 3234 1370 3312 faceret
1398 3235 1609 3330 fornicem3
1639 3240 1740 3337 quod
1767 3240 1931 3340 lepidum

528 3355 591 3430 est.
651 3353 716 3432 La
742 3349 928 3430 Hiatus
958 3355 995 3427 in
1020 3351 1085 3430 suo
1104 3343 1278 3428 Trauatn
1303 3341 1546 3442 tacebam,
1577 3351 1710 3456 Propp.
1731 3376 1826 3445 123.
1851 3378 1934 3450 124

530 3472 568 3548 dt
593 3491 695 3562 125,
731 3465 938 3548 affinitatem
960 3471 1051 3544 inter
1075 3468 1231 3544 fornices
1256 3469 1294 3544 dt
1320 3467 1520 3548 Catenarias
1547 3467 1736 3550 fuboltrifle
1766 3472 1931 3568 videtur;

530 3611 599 3663 nee
625 3601 743 3662 tamen
769 3609 845 3660 rem
874 3583 952 3660 satis
971 3581 1101 3684 affequi
1119 3589 1259 3686 potuit,
1292 3586 1415 3662 nostro
1440 3586 1590 3666 Calculo
1607 3589 1804 3670 destitutus.
1830 3588 1934 3668 Vidit

530 3703 693 3804 aliquid,
723 3700 813 3806 quid
832 3717 953 3778 autem
977 3699 1129 3790 viderit,
1159 3699 1232 3810 ipse
1256 3725 1335 3780 non
1352 3699 1533 3803 intelligit.
