4266 5534
309 329 618 410 trraurrrr
656 319 1471 425 rraaauourtrr,umsnrotrv.
1527 355 1595 436 141

194 487 301 572 fundi
325 518 410 572 curn
428 494 603 577 formali.¹
643 495 734 574 Non
764 496 863 572 enim
881 494 972 571 attio
1000 491 1091 570 mihi
1115 491 1175 567 hic
1199 493 1248 568 est
1268 495 1427 571 virtualis
1446 493 1505 571 vel
1525 495 1603 575 ior·
1656 501 1754 586 1696

192 611 326 705 malin
358 610 417 688 sed
437 635 509 690 una
531 611 623 690 adio
644 614 788 690 alterius
807 611 858 687 est
874 611 983 712 dupla
1002 668 1012 700 ,
1031 609 1088 688 vel
1106 606 1338 698 virtualiter,
1355 612 1413 689 vel
1421 608 1597 712 firmali·
1649 597 1753 676 ΜΨ·

191 746 256 806 ter.
320 727 506 806 Nimirum
525 729 757 836 virtualiter,
792 751 878 805 cum
896 728 1006 830 dupla
1026 729 1078 804 est
1103 727 1356 815 estimatione,
1375 727 1436 806 etsr
1458 755 1538 808 non
1556 731 1599 810 lit

194 844 306 944 dupla
324 841 454 934 mole,
471 845 530 922 vel
557 847 823 946 congruentia,
857 860 898 922 ut
920 846 1084 924 Ducatus
1105 846 1155 921 est
1178 843 1309 944 duplus
1322 844 1467 922 Thaleti
1484 874 1492 924 ε
1508 841 1597 926 For-

191 959 339 1040 maettrer-
354 987 469 1050 vero,
503 978 545 1042 ut
564 963 740 1042 Thalerus
759 958 913 1062 duplum
930 964 981 1040 est
1002 959 1222 1038 lemithaleri.
1254 959 1300 1039 Et
1324 961 1504 1060 sciendum
1522 966 1594 1055 est,

193 1078 295 1180 quod
323 1079 477 1180 duplum
499 1081 549 1156 est
579 1081 808 1165 formaliter,
840 1078 879 1154 id
900 1084 1008 1156 etiarn
1034 1082 1164 1157 virtute
1192 1077 1252 1157 seu
1278 1080 1508 1158 estimatione
1531 1083 1598 1160 elle

193 1195 358 1296 duplum
419 1196 508 1274 ldeo
536 1217 621 1274 cum
645 1195 786 1274 nonnifi
811 1195 856 1274 de
874 1199 1026 1285 virtute,
1059 1195 1118 1274 seu
1137 1198 1388 1286 aestimatione,
1421 1197 1481 1274 hic
1501 1224 1598 1300 quae-

193 1327 312 1402 ratur,
344 1314 443 1392 nulla
473 1315 522 1396 est
550 1313 719 1392 confusro
733 1312 861 1395 diversa
886 1317 1025 1412 generis
1055 1317 1295 1414 quantitatum
1323 1315 1380 1391 vel
1398 1317 1598 1395 aestimatio-

192 1455 309 1525 num3
341 1454 471 1534 nempe
493 1429 702 1508 virtualiter
734 1431 890 1533 duplum
911 1430 1077 1529 intelligo
1096 1431 1197 1530 quod
1230 1431 1298 1510 tale
1323 1435 1373 1510 est
1401 1431 1598 1512 virtualiter

192 1548 312 1626 solum
324 1575 335 1642 ;
367 1549 427 1624 sed
441 1543 651 1649 formaliter
679 1548 833 1654 duplum
851 1571 973 1635 voco,
1007 1547 1108 1648 quod
1138 1546 1241 1625 simul
1274 1551 1311 1626 dc
1333 1547 1527 1628 formaliter
1558 1555 1595 1627 δι

193 1665 389 1744 virtualiter
411 1665 565 1769 duplum
590 1667 665 1755 est,
699 1670 736 1744 &
763 1683 926 1767 poteram
950 1664 1134 1743 vocabulis
1160 1663 1228 1741 illis
1256 1662 1434 1766 [taratrum
1452 1669 1595 1748 harmo-
1704 1651 1709 1662 ’

193 1782 263 1860 niae
282 1783 463 1882 cuiusdam
484 1781 582 1860 causa
608 1782 749 1881 adjectis
767 1780 790 1884 ]
817 1783 1008 1874 abstinere3
1040 1798 1082 1858 ut
1108 1780 1205 1859 enim
1228 1783 1310 1883 quia
1343 1783 1504 1862 Ducatus
1528 1786 1596 1863 du-

192 1901 275 2010 plus
306 1903 356 1978 est
390 1899 553 1985 Thaleti,
588 1901 625 1975 δι
648 1900 821 1977 Thalenrs
853 1898 1087 1987 semithaleri,
1121 1901 1303 1978 concludo
1325 1900 1512 1980 Ducatum
1544 1903 1596 1979 se-

192 2017 372 2112 mitlmleri
394 2015 636 2122 quadruplum
656 2015 724 2095 elle
735 2045 747 2113 ;
777 2016 826 2095 ita
844 2017 926 2120 quia
943 2015 1124 2122 percurslo
1151 2040 1172 2094 2
1189 2017 1414 2108 milliarium,
1437 2045 1508 2097 una
1528 2021 1597 2098 ho·
1695 2069 1709 2092 .

169 2239 172 2244 Ι
194 2161 258 2226 ra,
291 2136 397 2240 dupla
422 2138 471 2212 est
481 2135 717 2238 percursionis
739 2135 981 2214 amilliariunr
992 2145 1043 2223 ,2
1064 2133 1184 2224 horis,
1219 2139 1256 2212 &
1276 2135 1458 2242 percutfio
1476 2159 1498 2215 2
1515 2138 1598 2214 mil

194 2250 354 2342 liariton,
391 2273 414 2330 2
437 2253 557 2341 horis,
592 2253 704 2358 dupla
725 2256 773 2330 est
800 2250 1036 2357 percursronis
1062 2251 1168 2332 unius
1186 2253 1372 2344 milliaris,
1405 2280 1477 2332 una
1496 2255 1596 2352 hora·
1627 2345 1637 2360 ὴ
1748 2356 1750 2360 Α

194 2371 362 2472 sequetur
378 2369 645 2475 percurfionem
678 2369 926 2451 amantium
956 2395 1028 2448 una
1051 2371 1141 2449 hora
1167 2367 1234 2448 elle
1253 2373 1488 2478 quadruplam
1516 2397 1600 2478 per-

195 2490 367 2568 curfionis
388 2487 494 2567 unna
525 2489 683 2566 milliaris
714 2513 787 2565 una
817 2489 915 2568 hora.
976 2487 1127 2588 Ignosce
1149 2487 1299 2568 candide
1330 2487 1487 2576 dicenti,
1520 2515 1598 2568 non

195 2605 327 2685 videtis
344 2605 409 2710 nifi
430 2605 630 2684 admodrun
650 2605 769 2683 obiter
788 2603 969 2712 inspexiffe
993 2605 1333 2686 demonstrationem
1355 2633 1495 2696 meam,
1514 2631 1599 2686 crura

197 2749 275 2802 eam
303 2723 352 2802 sic
378 2740 504 2802 contra
528 2730 588 2802 m'e
616 2723 707 2802 verti
728 2721 826 2826 polle
860 2723 995 2823 objicis.
1032 2724 1086 2800 ι’.
1124 2723 1229 2804 aruo
1253 2720 1385 2804 faciens
1412 2727 1597 2829 duplun,

196 2859 360 2948 tempore
393 2841 559 2945 simplo,
592 2843 643 2919 est
677 2842 787 2946 dupla
821 2841 1017 2922 virtualiter
1039 2841 1185 2920 allionis
1210 2843 1368 2924 facientis
1404 2845 1596 2946 duplum,

194 2975 360 3065 tempore
382 2961 507 3062 duplo,
549 2960 607 3036 2⁰.
638 2959 743 3036 Anio
761 2959 892 3039 faciens
915 2960 1091 3064 duplum,
1111 2978 1275 3066 tempore
1296 2964 1436 3068 duplo,
1453 2966 1502 3039 est
1518 2961 1600 3037 srm-

194 3077 255 3184 pla
276 3077 472 3156 virmaliter
499 3075 647 3155 astionis
668 3075 827 3156 facientis
854 3078 1044 3183 fimplum,
1078 3093 1242 3184 tempore
1267 3071 1408 3183 suuplo.¹
1467 3077 1595 3176 ErgO,

205 3194 263 3285 3⁰.
298 3194 400 3274 noio
423 3192 553 3274 faciens
578 3195 756 3302 duplum,
791 3214 954 3301 tempore
981 3193 1133 3300 srmplo,
1168 3198 1217 3274 est
1238 3196 1348 3301 dupla
1375 3194 1522 3278 aetionis
1549 3192 1601 3270 fa·
1652 3279 1655 3286 Δ

199 3307 326 3391 cientis
361 3311 529 3416 [implum
560 3333 725 3421 tempore
764 3314 914 3420 smrplo,
939 3315 1039 3419 quod
1061 3314 1111 3391 est
1129 3305 1260 3394 ‚contra
1281 3336 1350 3391 me.
1413 3311 1483 3388 Sed
1506 3333 1602 3410 rogo

197 3443 240 3510 ut
270 3430 470 3534 expendas,
498 3456 578 3534 ·quo
601 3437 680 3533 jure
699 3430 821 3514 alstani
840 3433 947 3539 possit
969 3426 1141 3536 praemilla
1154 3431 1314 3509 secunda
1358 3427 1501 3508 Scilicet
1520 3452 1603 3534 per-

199 3547 401 3626 cursronem
431 3548 590 3628 duorum
626 3548 858 3640 milliarium,
891 3553 1028 3630 duabus
1050 3544 1174 3637 horis,
1207 3544 1274 3626 elle
1298 3545 1492 3626 virtualiter
1520 3546 1602 3623 fint-

200 3665 324 3766 plum,
355 3665 416 3742 seu
434 3670 568 3766 aequale
605 3667 825 3772 perorationi
846 3668 952 3747 unius
977 3662 1155 3754 milliaris,
1176 3666 1274 3744 fatiae
1293 3690 1365 3743 una
1383 3665 1480 3742 hora.
1514 3665 1603 3744 Cer·

199 3797 238 3860 te
258 3807 339 3885 quae
358 3781 489 3862 virtute
501 3789 647 3886 aequalia
659 3785 739 3865 sunt
758 3783 1017 3891 aequipollent3
1049 3781 1233 3884 quievero
1255 3783 1376 3861 cursor
1403 3805 1478 3860 non
1500 3780 1602 3859 malit
1763 3811 1765 3818 ’

202 3923 410 4004 percutere
445 3925 562 3978 unum
590 3902 761 3990 milliare,
794 3927 867 3981 una
884 3905 998 3990 hora,
1032 3903 1245 4001 quam‘duo
1272 3899 1436 3978 milliaria
1465 3900 1603 3978 duabus

202 4017 324 4096 horis:
357 4017 447 4120 quin
470 4018 621 4122 potius,
642 4019 680 4096 -fi
702 4019 775 4097 hoc
806 4020 975 4099 ultimum
997 4021 1042 4094 ab
1068 4009 1146 4121 ipso
1169 4015 1246 4094 fieri
1271 4016 1385 4104 velis,
1418 4017 1502 4094 licet
1536 4041 1605 4122 per

201 4131 416 4224 intervalla,
450 4133 597 4241 duplam
617 4139 822 4216 mercedem
852 4151 974 4242 petet,
1006 4159 1076 4240 pro
1100 4134 1283 4239 duplicato
1307 4132 1438 4213 scilicet
1468 4136 1601 4213 labore.

202 4251 415 4342 Nimirum,
447 4268 489 4330 ut
512 4253 610 4344 dixi,
644 4255 744 4356 quod
767 4253 963 4334 formaliter
984 4253 1138 4356 duplum
1161 4255 1211 4330 est
1239 4249 1450 4358 [percurfio
1472 4250 1604 4330 scilicet
1661 4327 1663 4334 ,

205 4367 367 4446 duorum
387 4367 610 4459 milliariaun,
641 4367 944 4472 duabus-horis]
974 4395 1019 4448 eo
1041 4369 1117 4478 ipio
1148 4369 1253 4448 etiarn
1285 4368 1511 4457 virtualiter,
1544 4370 1605 4446 seu

92 4533 95 4540 .
204 4483 459 4615 aestimatione,
493 4492 543 4572 est
564 4489 727 4602 duplum
786 4491 891 4576 Idem
916 4491 967 4694 eg
986 4488 1042 4698 de3
1053 4489 1165 4598 altero
1192 4503 1258 4567 tuo
1285 4481 1605 4681 arguamentohlgrid
