4292 5530
439 281 441 284 ,
551 271 601 346 30.
720 257 1881 352 comeaerurrnrrsrorrcuui·

390 437 499 526 ¹695
547 419 689 496 ritatem
706 412 943 518 quadruplam
964 410 1009 489 ad
1031 408 1309 512 producendum
1338 409 1507 492 efferim
1532 411 1709 516 duplum,
1742 409 1830 490 loco
1849 393 1956 514 quod

414 529 492 624 Jut.
546 533 743 614 secundum
762 535 819 613 Te
845 528 1038 634 requiritur
1058 529 1215 610 celeritas
1237 547 1379 613 tantum
1407 530 1517 634 dupla
1538 554 1606 634 pro
1633 528 1764 610 effectu
1795 529 1952 632 quadru-

545 654 620 757 plo,
1291 739 1295 744 ,
1752 685 1754 693 ’

603 773 700 868 Qua
717 770 806 848 milri
830 791 947 848 narras
964 771 1009 849 de
1029 762 1239 854 bernardo
1259 769 1322 850 Νι
1335 793 1627 851 ruwuu‘rrrr
1652 773 1805 848 omnino
1831 767 1949 870 lepide

543 888 648 971 lunt:
683 888 812 991 Ecquis
835 914 855 966 a
886 889 955 966 nso
978 891 1149 968 abstinere
1167 885 1303 991 pollet,
1337 889 1528 978 comite,
1552 947 1722 968 .........
1750 889 1796 967 de
1823 886 1946 965 nostro

543 1006 721 1095 Calculo,
755 1007 853 1086 velut
876 1031 988 1086 caecus
1007 1005 1052 1085 de
1065 1007 1269 1092 coloribus,
1297 1007 1557 1086 ratiocinatur?
1588 1005 1711 1102 Quid,
1731 1002 1947 1109 quatenu

545 1125 624 1204 vult
653 1125 822 1202 mirabilis
844 1126 907 1203 ista
938 1128 1093 1227 aquatio
1121 1149 1232 1227 quam
1261 1125 1575 1205 comminiscitur?
1604 1121 1721 1204 Erunt
1752 1125 1834 1202 sane
1857 1125 1949 1202 irriti

544 1257 716 1332 conatus,
751 1269 842 1344 quos
866 1244 1021 1321 intendit
1045 1255 1171 1321 contra
1203 1243 1338 1344 aliquid
1362 1248 1462 1344 cujus
1508 1242 1703 1346 nequidem
1730 1243 1850 1320 ideam
1887 1240 1947 1320 ha-

544 1363 606 1440 bet
615 1387 627 1457 3
653 1376 719 1440 nec
739 1363 876 1440 felicius
895 1359 960 1461 ipfi
978 1361 1081 1439 cedet
1107 1385 1215 1462 quam
1247 1362 1548 1454 Ceretano,
1590 1358 1760 1462 aliisque,
1792 1363 1858 1462 qui
1885 1358 1945 1437 de

543 1483 700 1581 primore
725 1481 916 1558 voluerunt
933 1479 1122 1560 Calculum
1137 1478 1430 1569 differentIalem,
1465 1503 1545 1558 eam
1570 1477 1781 1559 obernum
1804 1491 1945 1558 tantum

446 1679 451 1686 ,
544 1602 628 1699 quia
656 1599 759 1677 illum
789 1596 919 1699 alloqui
938 1621 1014 1674 non
1040 1612 1232 1699 poterant:
1266 1597 1331 1676 Ars
1352 1602 1450 1676 enim
1473 1622 1550 1676 non
1577 1597 1685 1674 habet
1707 1595 1876 1685 osorem,
1891 1599 1945 1674 ni·

544 1715 571 1794 fi
601 1716 653 1796 sui
685 1720 936 1816 ignorantum
970 1711 1196 1815 Aggrellores
1223 1729 1346 1794 autem
1377 1715 1503 1795 diversi
1533 1716 1639 1804 sunt,
1672 1715 1733 1792 alii
1756 1715 1911 1794 modesti
1930 1712 1967 1804 ,'
2114 1706 2115 1731 ¹

544 1832 603 1911 alii
629 1833 882 1930 vehementes3
916 1832 960 1912 ad
975 1857 1070 1934 quos
1099 1837 1237 1934 priores
1261 1834 1377 1913 refero
1411 1835 1451 1914 N
1461 1855 1811 1923 rruwuurur,
1844 1857 1944 1913 eum·

542 1975 614 2054 que
641 1952 770 2042 laudo,
804 1951 906 2053 quod
924 1955 971 2028 ita
992 1951 1177 2028 moderate
1195 1953 1371 2052 procedit
1433 1951 1604 2056 Optarim
1628 1955 1773 2032 interim
1786 1965 1830 2031 ut
1854 1949 1943 2030 mibi

542 2073 731 2170 contingat
755 2070 877 2147 videre
905 2071 979 2168 ejas
998 2069 1090 2148 duos
1114 2067 1254 2148 Libros

600 2188 709 2268 Forte
737 2188 883 2267 fortuna
908 2190 946 2263 in
977 2213 1103 2266 manus
1126 2212 1222 2266 meas
1254 2189 1381 2269 incidit
1410 2190 1564 2270 secunda
1592 2186 1714 2269 Editio
1745 2178 1944 2270 Mediciu

544 2294 697 2387 Mentis
726 2305 976 2385 DominiDa
1006 2307 1391 2386 Tscrrrnuurus:
1424 2311 1539 2387 miror
1559 2309 1597 2386 δι
1619 2332 1701 2410 ego,
1716 2309 1945 2410 quilieripo-

540 2427 650 2504 tuerit
674 2437 715 2505 ut
737 2421 1009 2504 insufficientem
1041 2425 1179 2504 dederit
1207 2432 1517 2506 enumerationem
1546 2451 1736 2506 curvarum
1769 2426 1944 2532 algebraiq

540 2569 688 2634 carum,
721 2541 1036 2646 siquidem-statim
1058 2544 1104 2622 ad
1124 2543 1252 2625 oculos
1280 2545 1428 2625 cuilibet
1453 2559 1572 2646 patet,
1605 2567 1734 2622 omnes
1753 2543 1830 2622 illas
1848 2546 1942 2622 omi·
2019 2547 2040 2596 ³

261 2664 265 2672 '
313 2660 318 2669 ’
416 2681 426 2712 2
539 2659 633 2752 fille,
676 2685 830 2764 quarum
860 2666 1100 2763 aequationem
1132 2663 1385 2764 ingrediuntur
1406 2663 1549 2743 diverlae
1578 2665 1750 2765 potentiae
1775 2661 1884 2764 iplius
1902 2688 1936 2769 y.
1961 2679 1973 2724 '-

539 2777 720 2860 Caeterum
741 2783 816 2878 ejus
839 2778 974 2859 librum
1001 2777 1297 2884 obiter'quidem
1312 2782 1541 2884 perlustravi3
1572 2780 1705 2862 modus
1725 2793 1847 2858 tamen
1858 2780 1940 2860 scri-¹

537 2897 649 2977 bendi
676 2921 753 2977 non
773 2899 910 3001 ubique
928 2897 1065 3000 placet,
1098 2899 1190 2980 dum
1214 2899 1296 2980 suos
1317 2923 1456 2979 errores
1474 2899 1566 2979 olim
1588 2894 1794 2978 commillos
1819 2898 1940 3002 pallia·¹

537 3037 600 3106 re,
632 3019 778 3120 propria
805 3018 979 3107 inventa,
1011 3031 1054 3097 ut
1079 3031 1121 3098 ut
1145 3017 1224 3098 satis
1250 3022 1484 3107 communia,
1517 3041 1753 3120 exaggerare,
1784 3015 1938 3098 alionuu

535 3157 625 3213 uero
648 3137 865 3216 imminuere
887 3150 961 3214 tam
983 3132 1068 3214 scite
1090 3141 1205 3216 novit.-
1264 3136 1355 3217 Non
1377 3151 1469 3239 puto
1488 3159 1561 3238 ope
1578 3135 1769 3224 focorum,
1802 3149 1844 3213 ut
1860 3138 1938 3239 qui-

458 3311 462 3318 .
536 3249 622 3330 dem
655 3253 787 3352 iadat,
829 3277 957 3332 omnes
986 3277 1110 3335 curvas
1137 3257 1175 3334 δε
1204 3254 1262 3336 uel
1301 3255 1389 3336 solas
1417 3254 1634 3358 sigebratcas
1670 3253 1830 3334 construi
1857 3251 1937 3358 pos-

595 3603 774 3686 Caeterum
799 3611 938 3710 optime
956 3634 1016 3688 me
1039 3633 1186 3701 mones,
1219 3625 1260 3691 ut
1279 3611 1449 3691 nonnihil
1475 3615 1650 3717 temporis
1678 3614 1786 3693 ctiam
1814 3609 1935 3694 Medi·

533 3725 624 3802 cinae
648 3714 862 3805 meditandae
884 3727 1113 3827 conservem3
1146 3729 1204 3808 sed
1227 3728 1406 3810 excusabis
1429 3733 1510 3821 me',
1543 3755 1630 3812 curn
1651 3733 1796 3829 noueris
1821 3729 1935 3810 rnedi-

533 3843 728 3921 tationibus
752 3841 890 3924 alliduis
915 3861 1072 3924 atenera
1093 3861 1194 3926 aetate
1213 3847 1305 3926 adeo
1345 3871 1406 3926 me
1436 3847 1636 3939 tradidiile,
1668 3864 1711 3930 ut
1739 3849 1826 3928 inde
1855 3872 1934 3927 mea

532 3961 741 4040 constitutio
762 3967 924 4065 corporis
947 3964 1096 4044 delicata
1118 3965 1318 4044 admodum
1343 3965 1432 4045 laiia
1452 3965 1518 4054 lit,
1551 3991 1633 4070 quae
1656 3991 1734 4046 non
1756 3968 1932 4070 permittit

531 4091 573 4157 ut
594 4071 815 4169 adionibus,
848 4105 929 4183 qua
944 4107 1021 4162 non
1041 4082 1190 4186 quidem
1204 4085 1361 4174 mentis,
1394 4083 1454 4160 sed
1472 4087 1636 4185 corporis
1653 4085 1932 4187 applicationem

523 4187 713 4296 'potuum
741 4198 804 4276 diu
828 4191 1010 4279 immorer.
1053 4201 1151 4280 Hinc
1174 4199 1313 4304 [quod
1334 4201 1470 4299 doleo]
1491 4225 1586 4304 aegre
1614 4203 1712 4282 feror
1731 4203 1776 4282 ad
1792 4203 1929 4283 dianus

530 4335 614 4392 nam
638 4315 830 4395 lectionem
856 4315 1053 4408 librorum,
1085 4319 1391 4410 adscribendum,
1423 4320 1477 4398 ad¹
1491 4319 1761 4410 calculandum,
1793 4321 1926 4408 uerbo.

529 4431 575 4512 ad
604 4438 727 4516 onmia
748 4457 827 4540 quae
846 4457 979 4540 corpus
1001 4437 1039 4517 &
1063 4439 1226 4540 inprimis
1255 4437 1382 4518 oculos
1409 4437 1569 4541 augent
1623 4437 1687 4523 Ob
1710 4437 1804 4520 hauc
1820 4442 1928 4518 ratio-
2021 4473 2035 4486 f

823 4603 825 4608 ‚
1842 4577 1927 4637 uem
