4222 5534
272 264 1111 362 rrrnrrrrrrrrnrnsrourrrn
1140 265 1301 342 Errsr.
1325 263 1454 342 XLIV
1509 281 1584 364 ‚247
1697 227 1699 232 ⁵

168 449 242 504 nus
274 440 462 526 excerpta,
503 426 548 506 ad
572 419 669 504 Alsa
698 425 864 514 mittere,
897 423 1149 525 Judicinmque
1179 417 1380 522 relinquere
1410 417 1578 510 Lestori,
1651 427 1809 509 1697

167 567 297 622 annon
323 543 405 624 talia
429 541 584 624 recitasse
608 543 651 624 lit
675 542 846 625 refutasse.
907 542 1052 621 Vellem
1069 537 1162 648 mihi
1183 539 1309 618 datum
1331 533 1449 618 suunt
1473 537 1584 642 inspi-
1648 517 1745 591 Febr·

166 683 254 740 cere
272 685 353 764 quae
371 687 441 799 pro
459 659 561 740 Anu
590 679 717 743 contra
741 689 826 744 eum
852 661 964 741 mittis
966 715 1406 738 .......

232 779 270 860 Si
298 783 362 882 qui
383 782 422 858 in
445 773 607 859 Batavis
639 781 829 864 Problema
846 781 973 861 Tuum
992 777 1027 856 se
1047 777 1242 877 indignum
1267 723 1417 866 dicunt,
1451 797 1507 854 nae
1524 774 1578 852 illi

77 985 85 1002 ,
168 897 233 975 vel
261 921 338 978 rem
363 923 442 977 non
472 899 704 1001 intelligunt,
738 902 796 979 vel
818 883 966 1002 vulpem
987 901 1210 985 imitantur,
1231 919 1312 996 quae
1336 921 1458 999 pyra,
1488 919 1580 971 cum

166 1019 348 1115 ettisrgere
365 1041 444 1097 non
472 1017 608 1119 pollet,
641 1019 767 1099 acerba
788 1017 854 1098 effe
873 1019 1025 1096 dicebat.
1063 1014 1201 1095 Dnum.
1225 989 1577 1092 lllnrrnrenrurn

168 1132 246 1212 scio
271 1132 372 1213 Dno
405 1135 778 1216 Nrrnwsnrrrn
816 1135 883 1216 else
909 1138 1108 1230 amicum;
1144 1157 1229 1210 nam
1264 1132 1326 1210 hic
1364 1132 1450 1212 sacit
1482 1129 1581 1208 illius

168 1255 423 1344 mentionem,
454 1255 492 1331 ἀ
522 1253 582 1332 ille
604 1254 710 1354 hujus
744 1255 926 1337 Libellum
949 1257 1110 1356 priorem
1138 1249 1248 1338 mihi,
1280 1275 1346 1354 per
1368 1247 1579 1385 ,quemdam

169 1373 240 1448 iter
262 1369 330 1448 hac
350 1369 542 1449 facientem
561 1369 683 1450 milit.
713 1371 875 1452 sednon
905 1373 1098 1476 putabam,
1131 1367 1202 1445 five
1221 1365 1349 1474 affetlu
1375 1393 1460 1470 erga
1490 1369 1581 1444 ami-

120 1580 123 1591 !
169 1511 282 1577 cum,
297 1485 373 1564 me
394 1489 529 1568 invidia
546 1513 631 1590 erga
642 1490 752 1580 ahos
785 1515 831 1570 eo
850 1491 884 1568 se
904 1493 1018 1590 abripi
1035 1483 1240 1590 pulsurum,
1272 1501 1315 1566 ut
1334 1511 1389 1565 res
1409 1486 1582 1644 pulcher
1610 1499 1614 1506 '

169 1608 279 1684 rimas
307 1619 582 1696 contemneret,
613 1629 699 1686 cum
717 1607 822 1686 samse
843 1608 913 1688 sure
929 1610 1112 1706 janum

230 1722 384 1804 Certeli
404 1723 544 1804 lions
557 1749 672 1803 urus
702 1727 839 1804 vireret
865 1729 904 1804 δι
922 1725 1084 1820 valeret,
1112 1726 1174 1802 rix
1197 1721 1390 1825 quiesceret
1408 1721 1473 1802 mli
1484 1725 1576 1804 Pro

169 1840 328 1924 blemate
348 1856 415 1920 tuo
436 1840 569 1948 soluto²
626 1842 742 1922 Nune
765 1868 876 1922 nemo
910 1845 999 1921 esta
1026 1867 1105 1946 quo
1128 1841 1348 1921 solutionem
1376 1841 1480 1921 facile
1512 1867 1589 1922 ex..

169 1957 343 2062 pellem,
386 1959 626 2040 rnilinDno.
683 1949 908 2046 Manlum
937 1959 1294 2056 Ηοιιιτιιιο,
1326 1975 1387 2038 ant
1422 1959 1574 2042 nDno.

169 2068 304 2158 Fratre
328 2077 440 2167 Tuo,
467 2093 531 2157 aut
559 2104 580 2156 a
611 2077 715 2158 Dno.
754 2079 1043 2164 Nrwrono,
1076 2078 1207 2180 quibus
1236 2077 1405 2156 adderem
1432 2078 1572 2162 Dnum.

169 2193 209 2276 H
224 2219 247 2274 u
263 2221 292 2274 n
304 2220 330 2274 o
344 2219 366 2272 e
379 2219 406 2273 n
419 2221 435 2272 ι
448 2221 473 2276 u
485 2221 518 2276 rr
539 2195 737 2277 Consulem
758 2189 1142 2302 Amstelodamenfim,
1172 2193 1239 2272 nisr
1257 2196 1398 2276 dudum
1417 2197 1479 2276 has
1499 2223 1580 2276 me·

171 2310 365 2392 ditationes
386 2311 598 2416 seposuillet
641 2315 809 2396 Aliorum
832 2316 952 2394 nescio
974 2339 1021 2392 nn
1043 2312 1231 2415 quisquam
1254 2327 1336 2391 toto
1355 2313 1458 2396 Orbe
1475 2341 1581 2396 nuno

169 2431 391 2512 Problemati
414 2434 468 2512 isti
492 2457 556 2536 par
578 2433 630 2513 sit
691 2433 782 2514 Uret
804 2436 950 2512 interim
967 2425 1134 2510 Bataevos
1164 2432 1249 2509 istos
1270 2433 1308 2508 dt
1330 2432 1465 2514 horum
1479 2432 1579 2514 limi-

170 2550 221 2630 les
239 2552 346 2628 nobis
371 2551 597 2642 invidentes,
630 2553 733 2656 quod
761 2552 877 2632 Dnus.
910 2541 1092 2630 Mmbn
1123 2547 1469 2630 Hosrrrntrus
1499 2567 1575 2632 tarn

171 2664 332 2748 candide·
350 2667 397 2746 de
420 2667 600 2748 methodis
623 2673 752 2750 nostris
768 2671 953 2772 judicavit.
1009 2669 1153 2771 Repeto
1171 2683 1315 2758 autem,
1343 2669 1445 2772 quod
1469 2661 1581 2750 initio·

171 2787 276 2876 dixi,
308 2787 401 2864 rede
423 2783 601 2866 sessurum
624 2787 700 2878 Te,
732 2788 759 2866 fi
783 2813 863 2866 eam
879 2804 1021 2868 tantum
1042 2804 1184 2890 partem
1207 2787 1395 2866 solutionis
1425 2789 1514 2866 Tuae
1539 2813 1583 2866 e-

170 2903 253 2993 dns,
285 2925 370 3005 quae
393 2902 560 3007 Analysm
577 2905 698 2987 adhuc
719 2906 892 2986 nonnihil
912 2905 1068 2984 involvit
1096 2905 1299 2994 methodo,
1332 2930 1441 3006 quam
1465 2931 1582 2984 vocas

169 3021 395 3100 indnettam
452 3022 553 3104 Mihi
577 3027 706 3115 enim,
737 3024 858 3106 nescio
886 3049 932 3102 an
958 3026 995 3101 &
1027 3023 1149 3113 Tibi,
1197 3022 1405 3102 consultum
1433 3023 1577 3099 videtur

170 3139 342 3218 nondum
363 3141 403 3219 in
416 3142 587 3220 interiora
599 3142 789 3224 admittere
809 3141 980 3224 homines
997 3145 1180 3242 ingratos,
1212 3143 1249 3220 δι
1264 3139 1479 3218 beneficium
1495 3137 1581 3240 pos·

170 3269 227 3336 tea
246 3259 386 3354 strenue
404 3257 690 3340 dissmmbturos.

230 3373 477 3454 GratiasTibi
508 3377 655 3470 debeo,
683 3377 786 3480 quod
813 3377 853 3458 in
883 3377 1153 3478 Programmate
1183 3375 1313 3471 Tuol
1336 3373 1579 3452 honorificam

169 3495 244 3571 mei
268 3495 492 3570 mentionem
514 3495 615 3574 facis.
672 3495 863 3576 Problema
886 3495 988 3598 quod
1007 3494 1181 3593 subjecisti
1199 3517 1290 3594 pure
1309 3491 1575 3594 Annlyticum*

168 3635 315 3713 nuper,
346 3613 467 3689 otium
491 3613 615 3692 nntius
641 3615 683 3690 in
705 3616 832 3692 itinere
856 3613 901 3690 nd
920 3612 1098 3691 nundinas
1122 3603 1425 3714 Brunflvicenses,
1459 3607 1578 3688 consr-

169 3729 291 3806 deravi
309 3729 348 3803 in
372 3751 481 3805 curru
505 3727 626 3819 solus,
658 3731 697 3807 dr
720 3735 815 3809 uiam
838 3729 998 3808 solvendi
1023 3733 1166 3834 reperi,
1199 3727 1317 3806 nescio
1343 3755 1388 3808 nn
1411 3727 1501 3808 Tuae
1516 3729 1579 3807 vel.

169 3839 406 3922 Fermtim
435 3841 579 3928 affinem
591 3873 605 3944 ;
635 3861 731 3928 certe
760 3849 965 3952 expeditum
989 3849 1026 3926 dr
1046 3847 1278 3925 commodam
1294 3905 1311 3936 ,
1339 3849 1376 3926 &
1400 3849 1441 3924 ni
1457 3847 1580 3934 'sallon

106 4143 110 4152 .
168 3963 387 4158 gelllldleetlll
407 4092 527 4158 autem
546 4083 629 4161 Tua
651 4082 816 4162 solvendi
841 4085 932 4160 ratio
960 4106 1040 4160 non
1058 4107 1185 4162 omnes
1208 4107 1332 4162 curvas
1357 4083 1577 4183 compleor,

169 4219 250 4298 quae
282 4193 431 4300 quaefito
461 4196 683 4280 satisfaciunt
744 4199 911 4306 Exempli
934 4203 1075 4304 gratia,
1116 4225 1203 4282 cum
1233 4225 1341 4286 curm
1368 4203 1541 4310 quaeritur
1557 4265 1576 4295 ‚

1470 4333 1580 4420 sulm

255 4502 597 4584 *Uertumnus
615 4508 939 4594 mutuando·

126 4677 133 4682 ἡ
252 4583 550 4676 thionpgrm,
