4184 5526
233 323 539 410 ceru'nrrrr
572 298 1262 414 ernnrnrouterr,i:r1sn
1301 325 1462 400 txxm.
1487 337 1567 416 ⁴373

167 481 226 562 te3
258 470 320 568 qui
337 477 406 555 atr,
429 467 513 544 licet
536 465 675 544 dolium
695 466 815 566 postea
836 488 985 574 omnem
1005 463 1108 543 suum
1124 465 1303 567 liquorem
1327 466 1372 544 ad
1392 464 1572 545 summita-
1622 475 1718 560 169ss

166 599 245 662 tem
269 587 379 685 usque
411 581 579 672 iesumat,
608 607 692 662 cum
720 582 946 662 neutrorsum
965 583 1114 660 evadere
1142 583 1271 684 pollis,
1300 588 1338 660 in
1364 588 1458 663 tubo
1498 607 1573 662 ma·
1641 574 1713 666 Jul-

169 728 256 780 nere
287 707 455 802 cogitur:
503 703 589 780 hinc
624 701 789 802 fiplures
823 701 909 779 tales
933 701 1041 780 tubos
1062 725 1231 779 recurvos
1265 702 1317 791 A,
1350 701 1400 790 B,
1434 701 1486 790 C,
1518 701 1569 791 D,

170 845 329 920 quorum
349 819 484 898 orificia
505 811 651 898 crurum
671 823 878 899 breviorum
909 815 1087 918 gsadatim
1115 818 1329 908 ascendant,
1362 825 1399 896 in
1431 817 1573 897 dolium

169 937 353 1015 immiseris
361 965 374 1032 ;
418 942 553 1040 poteris
585 941 717 1016 iterum
750 938 930 1037 iudicare,
972 961 1018 1014 ex
1053 961 1206 1014 numero
1246 940 1420 1016 tuborum
1452 949 1572 1014 aerem

169 1059 457 1146 continentium,
483 1055 668 1160 quousque
688 1055 829 1134 dolium
851 1054 1037 1160 depletum
1051 1054 1159 1133 suerit
1167 1081 1178 1150 3
1211 1056 1267 1132 vel
1296 1054 1504 1134 strnalue'ris
1518 1056 1575 1131 lo-

168 1197 217 1274 co
246 1187 302 1251 tot
317 1176 493 1252 tuborum
514 1171 684 1253 assumere
703 1175 853 1252 unicum
873 1176 1003 1252 tubum
1026 1173 1160 1253 redum
1176 1169 1247 1252 ΒΕ
1266 1175 1475 1252 instrullum
1489 1173 1574 1273 plu-

164 1292 269 1370 sibus
291 1291 435 1369 ramulis
463 1291 600 1368 inflexis
624 1319 668 1380 a,
700 1283 742 1380 b,
775 1317 819 1380 c,
852 1288 882 1364 d
912 1317 979 1397 per
1004 1293 1155 1370 minima
1176 1291 1399 1369 intervallula
1422 1319 1441 1368 a
1461 1290 1577 1368 sedis-

169 1412 351 1497 tantibus,
386 1411 542 1488 eundern
559 1408 663 1488 usum
690 1404 898 1486 obtinebis'
946 1401 1005 1487 Illi
1041 1412 1139 1484 enirn
1178 1411 1330 1498 ramuli,
1373 1413 1437 1510 qui
1466 1408 1577 1486 semel

170 1526 350 1626 aliquore
380 1531 538 1636 evacuati
557 1527 655 1616 sunt,
689 1528 771 1626 post
802 1525 1117 1626 redimpletionem
1147 1525 1259 1614 dolii,
1300 1529 1507 1604 retinebunt
1535 1531 1574 1602 in

170 1642 314 1720 flexuris
341 1644 408 1721 suis
434 1645 607 1746 ampullas
635 1655 763 1723 adress.
822 1643 972 1722 lnfimus
992 1667 1081 1742 ergo
1104 1644 1280 1733 ramulus,
1324 1645 1386 1722 tali
1416 1643 1574 1746 ampulla

173 1760 406 1862 conspicuus,
439 1765 611 1842 indicabit
632 1760 819 1864 quousque
844 1760 985 1840 dolium
1009 1761 1118 1838 suerit
1143 1761 1365 1858 exhaustum.¹

232 1877 325 1957 Ecce
353 1885 426 1979 jam
451 1883 601 1960 alterum
621 1883 921 1968 instrumentum,
954 1879 1055 1980 quod
1076 1879 1166 1955 mihi
1190 1884 1228 1955 in
1270 1895 1429 1956 mentem
1461 1883 1570 1957 venit.

173 1995 259 2084 AB,
293 1993 411 2102 (Fr'g.
434 2007 502 2100 78.
518 2031 521 2034 ·
526 2005 542 2094 )
579 1999 685 2077 tubus
716 1999 766 2075 est
785 2000 955 2097 utrinque
984 2013 1151 2096 apertus,
1184 1997 1318 2077 multos
1347 1997 1481 2073 habens
1512 2019 1573 2074 va·
1592 1981 1701 2129 llll}

172 2119 283 2202 tices,
315 2117 376 2193 seu
394 2131 556 2194 tumores
579 2132 788 2203 excavatos,
822 2115 1027 2222 aemulantes
1050 2140 1223 2193 venarum
1248 2115 1425 2201 valvulam,
1462 2138 1571 2214 quem
1685 2111 1696 2130 '

171 2233 315 2332 liquore
329 2230 499 2333 plenum,
532 2231 705 2336 [poterit
721 2249 841 2312 autem
863 2232 967 2309 sa'cile
986 2232 1167 2336 implerist
1189 2234 1441 2310 invertatur&
1465 2233 1573 2310 obtu-

171 2363 252 2426 rato
275 2347 309 2428 A
331 2375 396 2455 per
421 2351 459 2436 B.
491 2349 754 2452 infundatur}
787 2353 947 2428 immitto
965 2353 1004 2425 iu
1027 2350 1166 2429 dolium
1179 2350 1321 2451 liquore
1339 2353 1468 2450 pariter
1497 2350 1575 2449 ple·
1641 2335 1643 2349 ⁴

171 2477 290 2560 numt,
334 2467 435 2570 Jam,
465 2467 653 2548 sitantum
676 2470 826 2569 liquoris
847 2491 891 2544 ex
915 2467 1016 2544 dolio
1045 2467 1240 2555 effluxerit,
1272 2484 1314 2548 ut
1334 2471 1407 2567 eius
1427 2466 1575 2567 superfi-

172 2587 243 2662 cies
265 2583 448 2665 subsident
467 2587 511 2663 ad
533 2618 593 2664 ae
607 2571 622 2674 ‚⁸
641 2583 815 2687 'adeoque
837 2587 945 2662 etiarn
970 2589 1089 2662 omnis
1116 2585 1258 2686 liquor,
1300 2590 1363 2687 qui
1401 2589 1440 2662 ln
1470 2601 1572 2684 parte

172 2703 252 2779 tubi
273 2707 452 2783 eminente
472 2697 574 2782 Abc
602 2707 743 2793 extitit,
773 2701 1017 2792 descenderit,
1047 2701 1216 2803 illamque
1235 2715 1350 2780 totam
1383 2706 1574 2781 cavitatem.

172 2829 233 2896 aer
256 2819 446 2900 succedens
469 2823 697 2922 impleverit3
729 2820 955 2898 manifestum
984 2823 1111 2920 utique
1130 2822 1204 2910 est,
1242 2822 1292 2898 ob
1317 2821 1467 2900 affusum
1501 2845 1571 2898 no-

171 2959 261 3014 vum
284 2939 487 3039 liquorem,
520 2964 596 3040 quo
625 2939 767 3017 dolium
792 2937 1050 3038 redimpletur,
1096 2951 1217 3016 toturn
1255 2938 1404 3039 quidem
1439 2940 1573 3016 tubum

171 3053 241 3134 AB
272 3060 379 3133 etiam
394 3057 648 3158 redimpletum
671 3059 740 3145 iri,
776 3055 904 3133 resistis
932 3069 1052 3132 tamm
1071 3067 1150 3134 at‘re
1174 3056 1289 3156 plenis
1311 3057 1480 3134 omnibus
1501 3055 1574 3132 illis

172 3175 369 3260 varicibus,
402 3176 466 3274 qui
489 3175 591 3276 supra
614 3202 676 3248 aa
698 3175 875 3270 existunt3
907 3191 992 3251 curn
1024 3178 1122 3249 enirn
1136 3177 1298 3251 varicum
1329 3175 1607 3278 convexitates·

171 3287 305 3368 sursum
322 3289 497 3390 spcslant,
530 3303 589 3370 aet
617 3296 681 3394 qui
707 3289 815 3368 semel
837 3293 876 3366 in
902 3289 983 3368 illos
1001 3289 1036 3367 se
1059 3295 1229 3394 recepita
1252 3289 1394 3390 liquore
1416 3289 1574 3389 amplius

172 3405 305 3512 expelli
328 3413 466 3509 nequit.
527 3407 626 3508 Ergo
662 3411 699 3486 ἃ
738 3409 812 3487 hoc
845 3406 960 3485 modo
992 3406 1107 3484 infimi
1142 3410 1274 3484 varices
1291 3399 1339 3490 b,
1372 3431 1418 3488 c,
1451 3417 1571 3484 attens

172 3527 417 3613 continentes,
449 3529 700 3606 monstrabunt
728 3525 915 3628 quousque
937 3524 1078 3604 dolium
1100 3524 1209 3601 fuerit
1235 3538 1457 3602 evacuatum.

232 3641 450 3740 Huiusmodi
479 3643 607 3722 Tubus
626 3642 803 3728 varicosus
840 3647 947 3720 etiam
980 3641 1064 3718 alibi
1098 3641 1202 3719 usum
1232 3643 1397 3718 obtinere
1425 3645 1569 3745 potest,
1630 3672 1635 3676 ·

173 3761 329 3860 exempli
351 3764 486 3859 gratia,
521 3761 566 3838 ad
587 3759 864 3838 Thermometta
884 3758 1127 3850 conficienda,
1160 3783 1239 3859 quae
1254 3783 1330 3836 non
1347 3759 1462 3837 solum
1480 3784 1574 3859 prae-

171 3877 306 3956 sentem
319 3881 406 3970 aeris
427 3887 662 3979 temperiem,
694 3877 753 3954 sed
772 3873 881 3955 etiam
897 3879 1113 3980 praeteritam
1132 3877 1379 3964 ostenderent,
1411 3877 1448 3952 &
1464 3876 1569 3958 simul

171 3995 302 4072 limites
321 3996 447 4074 caloris
473 3997 685 4097 &frigoris
743 3993 847 4072 Uts1
881 3993 1087 4071 observator
1120 3994 1243 4071 medio
1294 3993 1423 4095 Aprilis
1454 4001 1572 4099 [quo

170 4121 354 4214 tempore,
387 4131 623 4202 munorum,
651 4116 738 4190 aeris
761 4114 949 4213 temperies
963 4113 1118 4186 maxime
1134 4111 1331 4208 variabilis]
1362 4127 1462 4191 certo
1478 4140 1574 4216 quo-

171 4231 257 4308 dam
282 4231 341 4308 die
362 4231 551 4334 explorare
579 4231 684 4308 vellet
721 4233 919 4308 maximum
957 4229 994 4305 dt
1030 4232 1223 4307 minimum
1260 4231 1414 4330 gradum
1441 4237 1572 4313 caloris

171 4351 281 4437 aeris,
313 4347 373 4428 seu
393 4363 571 4452 quantum
586 4359 644 4426 aer
671 4352 802 4425 mutari
824 4348 983 4450 potuerit
1002 4345 1095 4424 intrd
1127 4370 1180 4444 24
1198 4349 1328 4446 horas3
1360 4338 1454 4426 certe
1479 4377 1571 4430 con·
1615 4355 1622 4360 ’

171 4469 273 4547 tinus
300 4466 498 4549 observatio
526 4487 580 4564 24
605 4467 715 4547 horas
741 4467 891 4556 durans,
920 4464 1152 4544 taediosdsrma
1189 4466 1271 4546 esset
1279 4493 1292 4563 ;
1340 4472 1417 4546 imo
1459 4475 1571 4549 etiarn

900 4583 1036 4664 Aea
1098 4606 1119 4676 3:
1457 4589 1572 4669 inuti-
