4222 5534
552 250 625 334 306
724 247 1219 340 COMMERCIUM
1263 255 1793 353 tertrottcttrt,

407 423 504 504 1597
607 399 700 500 Quae
734 397 920 480 Dominus
948 393 1080 480 Frater
1106 402 1208 482 Tuus
1239 405 1313 501 jam
1346 399 1496 492 viderit,
1534 429 1613 482 non
1644 405 1722 488 satis
1751 409 1904 488 dixerim
1934 436 1946 506 3

426 514 494 616 Jul.
546 518 660 594 miror
687 515 786 618 ipse,
819 520 920 620 quod
943 519 1134 600 Problema
1156 523 1352 598 accuratius
1369 519 1599 621 proposuerit
1626 549 1737 628 quam
1760 551 1853 629 opus
1874 541 1946 606 erat
1980 509 1984 517 ⁵

545 633 722 724 Interim,
755 659 841 714 curn
871 653 1066 716 curvatura
1086 639 1175 716 radii
1196 663 1282 716 cum
1314 636 1647 740 Bracbystochrona
1675 649 1943 724 connexionem

545 751 698 840 viderit,
733 752 920 833 verifimile
951 757 1031 844 est,
1060 757 1175 834 modo
1210 753 1439 834 Huonurr
1476 754 1681 838 Tradatum
1719 752 1780 840 De
1815 761 1944 838 iumine

546 874 858 968 cumattentione
883 890 972 952 tunc
996 873 1223 962 consuluerit,
1255 897 1333 950 non
1364 869 1498 952 latuisse
1521 875 1637 976 ipsum
1665 879 1807 973 undas,
1836 879 1942 958 adeo

544 989 615 1089 que
645 989 681 1064 dc
711 1013 778 1066 nec
803 989 1038 1090 Syncbronas.
1100 990 1159 1070 De
1184 991 1333 1091 pulchra
1364 991 1423 1068 illa
1447 996 1697 1074 convenientia
1712 1051 1731 1084 ,-
1756 995 1857 1098 quod
1879 998 1946 1076 ubi
2000 1087 2003 1094 ,

1061 1131 1166 1175 -11

530 1129 617 1260 [κη
640 1153 682 1262 dy
707 1161 904 1237 maximum
929 1159 979 1234 ibi
999 1153 1060 1260 sx
1194 1152 1248 1233 ds
1270 1160 1484 1244 minimum,
1518 1159 1554 1234 &
1582 1171 1727 1248 contra,
1757 1183 1835 1237 non
1861 1159 1940 1262 pos-

545 1275 624 1354 sum
654 1273 788 1375 aliquid
813 1277 960 1365 dicere,
993 1274 1057 1354 nisi
1086 1277 1123 1350 in
1146 1275 1232 1376 ipsas
1260 1274 1335 1352 illas
1367 1299 1490 1354 curvas
1523 1279 1691 1356 attentius
1718 1277 1936 1379 inspiciamt

545 1391 645 1494 quod
671 1390 768 1468 vides
787 1394 879 1471 mihi
900 1415 998 1472 nunc
1021 1396 1082 1470 vix
1109 1393 1225 1470 licere.

602 1505 683 1608 Ego
698 1513 818 1608 potius
843 1535 1047 1611 proponam
1068 1510 1154 1589 Tibi
1173 1509 1445 1594 examinandam
1470 1509 1719 1599 Methodum,
1750 1533 1831 1612 quae
1850 1523 1936 1589 tunc

541 1627 657 1706 statim
673 1627 712 1701 in
735 1643 895 1706 mentem
920 1633 1036 1717 venit,
1072 1652 1182 1717 curn,
1207 1624 1456 1706 admonitione
1471 1627 1560 1706 Tuae
1582 1627 1796 1716 solutionis,
1829 1628 1936 1727 relegi

542 1747 830 1824 convenientiam
859 1744 1094 1845 undarum&
1117 1744 1411 1848 Synchronarum
1432 1745 1477 1824 ad
1506 1745 1654 1833 radios,
1688 1745 1778 1822 olim
1794 1745 1935 1846 fugien-
1964 1827 1969 1836 ,

539 1875 576 1941 te
606 1872 746 1940 tantum
767 1865 899 1952 oculo,
931 1879 1038 1964 atque
1065 1865 1188 1942 animo
1213 1861 1479 1940 consideratam.
1539 1863 1685 1962 Nempe
1705 1863 1851 1940 uidebar
1869 1865 1935 1940 nri·

538 1977 578 2058 hi
600 1977 686 2058 hinc
704 1978 835 2060 ducere
850 1980 947 2083 polle
968 1979 1189 2059 Methodum
1216 1979 1420 2079 generalem
1439 1979 1484 2056 ad
1514 2003 1639 2078 curvas
1659 1979 1852 2058 ordinatim
1867 2004 1931 2080 po

537 2095 664 2174 fitione
690 2097 785 2174 datas
810 2099 966 2177 ducendi
994 2121 1141 2176 curram
1167 2100 1303 2200 ubique
1333 2095 1540 2176 normaliter
1575 2112 1847 2193 occurrentem3
1867 2097 1930 2173 iin-

534 2214 659 2322 gendo
685 2213 817 2294 scilicet
844 2216 1007 2296 medium
1037 2213 1105 2293 elle
1124 2214 1322 2294 renitentia
1349 2213 1396 2294 iic
1421 2217 1610 2304 variantis,
1644 2227 1686 2295 ut
1716 2214 1805 2292 radii
1834 2214 1930 2294 exhi-

534 2335 643 2412 beant
672 2331 748 2410 illas
774 2334 861 2435 ipsas
886 2333 994 2412 lineas
1016 2335 1221 2412 ordinatim
1254 2331 1430 2435 positione
1454 2332 1565 2410 datae.
1628 2331 1726 2428 Quo-
1747 2333 1843 2412 faiio
1865 2357 1929 2412 un

482 2461 485 2468 ’
534 2451 615 2540 dae,
649 2449 708 2528 seu
732 2450 982 2552 synchronon,
1015 2467 1121 2532 erunt
1139 2473 1256 2532 curva
1277 2448 1428 2552 quaefitae
1453 2449 1557 2528 radiis
1587 2449 1774 2528 normales.
1829 2449 1929 2545 Quid

533 2591 622 2645 uero
646 2565 672 2642 st
696 2568 889 2648 ordinatim
924 2568 1102 2670 positione
1123 2570 1212 2648 datae
1239 2593 1317 2647 non
1344 2567 1498 2645 habeant
1524 2569 1668 2646 initium
1702 2591 1925 2654 commune,

443 2679 445 2684 ’
531 2685 726 2786 quomodo
755 2701 845 2765 tunc
874 2687 993 2766 radios
1021 2685 1312 2789 applicabimus?
1342 2683 1586 2787 Respondeo,
1627 2710 1674 2764 ne
1697 2683 1745 2764 fic
1781 2683 1927 2788 quidem

533 2801 684 2880 deficere
705 2801 949 2894 Methodum,
981 2803 1127 2907 poliunt
1158 2807 1255 2882 enirn
1282 2802 1371 2882 radii
1394 2805 1438 2880 ab
1462 2827 1538 2880 uno
1573 2803 1708 2904 pundo
1737 2804 1927 2902 originaria

532 2923 714 2998 venientes
737 2921 862 3022 colligi
888 2925 986 3023 prius
1013 2926 1051 3000 in
1077 2937 1277 3023 acamptam
1303 2921 1361 2999 seu
1389 2920 1516 2998 focum
1544 2919 1718 2998 linearum
1741 2918 1811 2996 live
1833 2918 1925 2999 caus-

531 3042 651 3117 ticam.
712 3035 757 3116 Et
780 3042 828 3117 ita
855 3041 945 3118 radii
970 3040 1086 3120 rursus
1111 3037 1221 3119 emilii
1253 3063 1299 3118 ex
1327 3037 1401 3118 hoc
1425 3037 1512 3116 foco
1535 3037 1659 3116 lineari
1685 3038 1869 3116 debebunt
1886 3041 1923 3114 in

381 3243 382 3246 p
529 3157 654 3235 medio
682 3181 856 3257 pergere,
889 3182 955 3259 per
987 3160 1088 3260 quod
1112 3171 1315 3238 curvaturas
1337 3157 1514 3236 linearum
1545 3155 1743 3246 ordinatim
1764 3156 1924 3234 murum

528 3272 710 3355 aliumant.
772 3275 913 3354 Fateor.
927 3275 1149 3378 barciacilius
1169 3278 1352 3378 proponi,
1385 3293 1494 3378 quam
1515 3273 1687 3374 prasion:
1701 3287 1792 3376 puto
1805 3287 1945 3352 nmen·

528 3392 751 3472 consideratu
771 3394 880 3494 digna
903 3395 990 3474 Tibi
1012 3393 1127 3474 visum
1143 3393 1197 3471 iri.

586 3513 675 3591 Non
695 3513 745 3588 eit
765 3535 829 3590 cur
857 3511 1099 3614 disputemus,
1132 3527 1256 3591 utrum
1279 3535 1325 3589 ex
1351 3509 1468 3586 verbis
1496 3505 1653 3589 Domini
1680 3499 1828 3594 fratris
1850 3507 1923 3586 Tui

527 3641 722 3730 utrumque
745 3628 934 3708 Problema
957 3630 1097 3709 solvere
1118 3632 1289 3719 tenearis,
1321 3628 1617 3730 quandoquidem
1646 3641 1840 3727 utrumque
1855 3625 1923 3704 iol-

477 3741 482 3746 ’
527 3767 609 3823 vere
626 3761 750 3846 potes3
763 3747 1072 3847 quemadmodum
1089 3752 1255 3846 jamtum
1275 3747 1415 3841 notari3
1435 3745 1572 3847 alioqui
1588 3769 1643 3824 res
1657 3742 1808 3845 litigiosa
1816 3742 1919 3823 foret.

468 3911 474 3918 -
586 3863 738 3942 Gratum
767 3866 934 3967 estquod
957 3889 1053 3944 meat
1077 3871 1116 3943 in
1145 3865 1445 3946 Crnresrun
1476 3855 1821 3964 Animatvastrnes
1843 3885 1923 3961 per-

526 3983 688 4076 curristi3
719 3986 851 4081 gratius
874 3986 977 4086 quod
1001 3985 1176 4085 placuere.
1237 3982 1327 4061 Non
1347 3995 1466 4060 tamen
1490 3997 1617 4082 putem
1631 3983 1826 4058 maximam
1843 4002 1923 4081 par·

524 4110 600 4174 tem
616 4101 708 4175 circa
728 4115 870 4180 motum
893 4103 1043 4190 versari,
1077 4101 1139 4180 etfi
1166 4097 1306 4181 foruffe
1329 4097 1566 4201 potiffimam;
1597 4098 1656 4176 ied
1683 4097 1750 4178 alia
1773 4119 1922 4200 quoque

523 4215 674 4316 attingi,
708 4239 788 4318 quae
812 4209 939 4295 itidem
964 4245 983 4298 a
1005 4219 1060 4298 Te
1076 4219 1232 4322 expendi
1255 4217 1438 4307 deiidero,
1469 4215 1649 4295 fisciiicet
1668 4233 1776 4296 vacat
1838 4209 1920 4295 Lex

458 4347 462 4358 '
523 4323 805 4423 continuitatis,
838 4357 922 4414 curn
944 4336 1055 4440 usque
1079 4339 1149 4419 ado
1176 4335 1219 4417 iit
1242 4339 1372 4420 rationi
1398 4337 1587 4417 &naturae
1605 4331 1917 4532 consentaneplf&
1957 4377 1960 4381 -

1044 4475 1049 4484 .
1858 4471 1918 4529 um
2077 4471 2078 4492 r
