4222 5534
551 160 1234 338 inguenne—acrum
1280 221 1805 320 arrrrvrprreun,

607 374 644 454 P.
677 373 710 457 S.
741 373 961 461 Beneficium
982 383 1020 457 in
1046 403 1105 460 me
1132 379 1317 468 conseres,
1350 345 1557 468 filorum,
1590 384 1629 459 in
1652 407 1730 483 quo
1757 410 1817 460 me
1845 402 1945 487 putas

549 508 709 574 mentem
740 491 980 578 Cararsu
1000 494 1132 600 sinistre
1170 489 1296 600 [salua
1319 496 1402 574 licet
1427 497 1638 597 objem'onis
1666 505 1735 594 ri]
1765 504 1941 606 accepisse,

549 608 733 694 inmelius
754 626 890 704 mutes,
923 613 1089 696 schedula
1123 613 1257 692 inserta.

871 969 1369 1062 ‚rarreorsr
1424 976 1598 1062 eurr.

478 1202 1122 1332 *aearuouuirr
1180 1204 1299 1297 Au
1359 1207 1936 1308 Lerssur‘rrun.

845 1446 1116 1592 Responsio
1159 1447 1223 1557 ad
1263 1450 1642 1595 praecedentem.

473 1763 474 1768 ,
543 1705 596 1781 De
615 1697 809 1794 synchronis.
863 1705 915 1772 De
934 1724 1032 1774 aava
1051 1727 1090 1774 ex
1104 1703 1233 1797 nfinitis
1254 1697 1409 1794 Hlspfism
1429 1727 1521 1775 arctes
1538 1703 1664 1796 aquales
1684 1701 1844 1796 rese-rame.
1884 1715 1932 1782 Dr

591 1801 819 1896 sfiaperimenis.
873 1805 923 1870 De
954 1801 1147 1888 Trajesloaa'is
1179 1795 1439 1894 orthogonium.
1490 1807 1542 1874 De
1568 1809 1690 1875 armus.
1742 1813 1796 1878 De
1826 1808 1935 1902 leguas

590 1921 701 1972 mona.
748 1897 1359 1990 Mnaeauaucurrfnunuia.
1946 1901 1956 1935 ”·

542 2107 618 2202 Vir
647 2107 887 2236 Ampsisfime
901 2135 1032 2228 'atque
1062 2107 1360 2202 CeleberrImes
1405 2109 1547 2198 Fautor
1574 2109 1907 2207 Honorarissime!

401 2427 498 2514 1597
645 2391 828 2476 Ossremaa
852 2389 948 2472 Tuas
977 2394 1099 2495 accepi
1121 2365 1242 2487 reete}
1282 2389 1488 2470 schedulam
1521 2379 1694 2470 inclusam
1724 2393 1770 2470 ad
1802 2393 1934 2495 Domi!-

314 2583 315 2588 s
407 2520 477 2613 Jus.
664 2534 754 2590 num
786 2509 1149 2589 Benearnum
1180 2510 1353 2610 postridie
1370 2513 1437 2586 rite
1471 2513 1602 2587 curavi.
1665 2510 1934 2614 AnEpistolam

539 2651 659 2704 meam
684 2625 821 2726 jamdiu
843 2627 908 2728 ipsr
926 2625 1063 2706 missam
1089 2621 1335 2730 impresserit,
1365 2625 1496 2704 nescia
1528 2626 1676 2706 Interim
1686 2684 1931 2714 ...........

539 2747 655 2823 miror
692 2749 880 2852 ingentem
915 2759 1109 2825 nnmemm
1145 2741 1379 2845 negotiorum
1399 2741 1758 2842 diversissimorum,
1808 2750 1935 2848 quibus

541 2864 706 2966 quotidie
730 2865 940 2964 occuparis,
973 2863 1032 2940 sed
1057 2867 1179 2962 magis
1201 2866 1316 2940 miror
1340 2861 1523 2982 humeros⁸
1538 2861 1643 2940 Tuos
1666 2867 1729 2964 qui
1754 2863 1814 2941 issa
1847 2865 1936 2942 ferre

461 2973 470 3070 “,
541 2976 711 3076 valeant'3
741 2978 849 3058 habes
879 2980 963 3058 sane
989 2980 1166 3081 singulare
1185 2982 1326 3060 donum
1358 2977 1504 3078 fingusis
1536 2980 1667 3056 eodem
1699 2981 1760 3058 die
1784 2983 1929 3062 uaoendi

535 3101 581 3198 ,δι
607 3083 843 3179 attentionem
872 3101 1089 3198 praebendi,
1122 3101 1223 3202 quod
1253 3095 1345 3175 nihil
1373 3093 1555 3176 difficilius
1578 3097 1669 3173 mihi
1692 3099 1834 3177 uidetur
1858 3127 1870 3177 :
1897 3101 1934 3176 id

519 3216 662 3320 -usastem
685 3221 724 3294 in
748 3243 811 3296 me
833 3219 1026 3320 experior3
1056 3216 1147 3294 adeo
1173 3222 1270 3294 enim
1296 3239 1374 3291 non
1396 3215 1451 3292 sui
1472 3218 1558 3313 juris
1583 3215 1634 3292 est
1656 3240 1738 3294 mea
1761 3221 1932 3306 attentio,

534 3349 582 3436 ,ut
611 3335 790 3432 nomfine
819 3336 955 3413 summa
978 3338 1087 3412 animi
1116 3334 1277 3414 molestia
1301 3331 1400 3412 illam
1436 3357 1586 3410 auocare
1608 3331 1740 3438 possim
1770 3360 1790 3411 a
1814 3360 1854 3411 re
1878 3339 1935 3414 cui

525 3453 647 3530 'semel
674 3450 804 3543 affixa,
838 3456 875 3530 &
900 3451 960 3532 alii
981 3453 1163 3532 adhibere.
1222 3452 1345 3542 Hinc,
1378 3448 1637 3539 Medionem
1669 3473 1830 3552 quorum
1846 3477 1937 3555 quo·

540 3571 637 3682 tidie¹
655 3585 754 3660 tres,
782 3595 1051 3672 nonnunquam
1073 3571 1230 3676 plures,
1262 3557 1336 3648 tam
1368 3566 1515 3670 publice
1540 3592 1649 3668 quam
1679 3573 1866 3669 privatim,
1897 3574 1937 3646 in

538 3686 805 3768 Mathematicis
822 3691 860 3765 &
880 3687 1140 3789 Philosophicis
1151 3687 1242 3766 mihi
1256 3685 1428 3766 habendae
1441 3685 1544 3772 sunt,
1558 3709 1636 3762 non
1659 3690 1708 3764 ita
1732 3692 1770 3764 in
1787 3712 1937 3792 promp

540 3818 582 3883 ru
603 3805 798 3894 haberem,
831 3805 889 3883 sed
913 3805 940 3882 si
965 3805 1024 3884 illa
1051 3810 1090 3884 in
1114 3807 1236 3886 charta
1272 3803 1480 3904 consignare
1506 3802 1700 3893 deberem,
1734 3805 1838 3908 quod
1858 3805 1936 3904 ple-
1987 3887 1991 3894 ,

540 3926 643 4023 rique
662 3916 902 4003 Professumm
928 3923 1043 4001 facere
1071 3923 1209 4014 solent,
1242 3924 1363 4002 nescio
1396 3945 1443 3998 an
1468 3909 1555 4031 huic
1582 3925 1686 3998 oneri
1715 3947 1781 4022 par
1820 3920 1934 4030 essem

540 4039 632 4119 Sunt
647 4055 768 4118 tamen
796 4043 833 4118 δι
855 4037 922 4122 alia
941 4043 1032 4120 mihi
1055 4043 1257 4145 peragenda
1284 4067 1365 4145 quae
1386 4033 1615 4145 paritet‘non
1640 4039 1798 4118 mustum
1817 4044 1934 4118 otian-

540 4159 580 4237 di
607 4175 748 4259 tempus
767 4159 858 4236 mihi
878 4161 1118 4261 relinquunt,
1151 4161 1248 4241 unde
1279 4159 1378 4238 vides
1405 4181 1474 4236 nec
1504 4181 1564 4235 me
1590 4153 1728 4262 semper
1754 4183 1849 4294 ren}
1861 4181 1936 4234 me-

390 4288 391 4297 '
540 4276 644 4358 disan
666 4275 743 4356 satis
763 4273 888 4382 posse,
920 4293 1032 4380 prout
1060 4279 1222 4369 veliem,
1255 4293 1363 4383 atque
1395 4275 1487 4356 adeo
1514 4275 1680 4355 eamdem
1716 4301 1848 4392 meren
1876 4299 1936 4350 ve-

1841 4414 1935 4472 nram
