4184 5526
567 321 636 404 are
739 313 1811 409 conuenerunrarrrorreum·

405 519 499 596 1698
561 489 688 568 parum
717 465 899 555 humano,
933 491 1136 570 parumque
1155 469 1261 544 etiam
1283 467 1422 544 urbano
1444 469 1551 544 etiam
1566 465 1957 546 DominueTscnruss

406 610 491 684 Mas,
561 607 813 664 uunusrus
840 586 930 664 olim
959 585 1054 685 apud
1079 611 1137 661 me
1157 587 1379 686 querebatur.
1442 581 1522 682 Ego
1539 581 1746 661 Dominum
1769 583 1833 662 La
1875 581 1958 662 Hr-

559 726 681 780 uruu
707 701 751 778 de
781 702 869 779 facie
897 727 973 779 non
995 702 1100 790 novi,
1133 701 1217 789 sed,
1251 702 1352 803 quod
1366 702 1487 801 postea
1514 701 1643 788 didici,
1677 701 1803 778 inscius
1822 704 1856 778 ei
1875 699 1955 776 obl-

486 829 488 832 ’
560 820 719 898 taculum
749 819 856 907 dedi,
889 843 972 896 nam
993 845 1077 899 cum
1108 821 1171 896 diu
1188 819 1225 894 id
1250 815 1366 895 rbiffet
1389 819 1506 895 adum
1530 819 1574 894 ab
1596 820 1671 916 ejus
1696 821 1844 906 amicis,
1868 833 1906 894 ut
1921 822 1956 893 in
2072 831 2073 852 ¹

559 937 788 1016 Academiam
818 937 1053 1014 Scientiarum
1080 936 1229 1034 Regiam
1253 939 1492 1034 reciperetur,
1531 960 1590 1011 me
1618 936 1814 1014 demuma
1853 933 1956 1012 Duce

559 1048 813 1156 Brunfiricenst
835 1052 1058 1131 Serenillrmo
1088 1053 1324 1155 Jouauur.
1350 1051 1627 1130 Fururnrco
1659 1057 1697 1128 in
1720 1045 1954 1129 Germaniam

562 1186 732 1259 evocato,
759 1195 814 1247 res
840 1170 971 1248 conlici
994 1175 1139 1270 potuit,
1174 1171 1274 1272 quod
1294 1185 1395 1248 antea
1425 1171 1470 1247 de
1495 1193 1554 1246 me
1574 1170 1762 1246 retinendo
1779 1185 1951 1268 ageretur,

562 1313 607 1367 eo
637 1297 756 1366 autem
774 1305 862 1368 tunc
886 1313 940 1366 res
966 1291 1014 1366 ob
1047 1289 1184 1367 bellum
1206 1287 1291 1366 loco
1320 1285 1451 1376 eirene,
1483 1305 1523 1366 ut
1548 1286 1665 1386 ipsum
1691 1291 1821 1388 pariter
1848 1288 1952 1363 &me

469 1473 478 1480 .
561 1431 689 1483 vocare
718 1405 750 1484 C
761 1430 997 1483 oraturo
1040 1431 1115 1482 non
1136 1405 1300 1508 placeret.
1363 1403 1443 1504 Ego
1468 1429 1554 1480 vero
1576 1404 1691 1480 libens
1725 1405 1865 1494 fateor,
1892 1403 1953 1480 Vi-

559 1549 666 1611 runt,
700 1521 814 1624 qualis
839 1521 911 1622 ipse
937 1525 996 1610 est,
1019 1525 1235 1602 industrium
1249 1527 1287 1599 in
1311 1523 1532 1600 observando
1553 1537 1660 1622 atque
1688 1525 1795 1598 etiam
1827 1525 1867 1597 in
1897 1521 1951 1596 de-

559 1641 728 1724 lineaudo
754 1641 934 1718 utiliorem
952 1639 1052 1718 fuille
1076 1639 1120 1718 ad
1141 1641 1262 1718 solitos
1285 1639 1485 1719 Academiae
1507 1637 1627 1737 Regiae
1651 1639 1816 1727 labores,
1846 1663 1949 1740 quam

558 1782 618 1842 me
647 1760 772 1858 quiin
799 1761 891 1834 varia
912 1757 1119 1845 diffundor,
1154 1759 1327 1860 &aptior
1365 1756 1514 1835 samad
1543 1755 1825 1844 consulendum,
1848 1781 1950 1858 quam

558 1875 603 1952 ad
634 1869 891 1963 laborandum,
925 1899 1034 1976 quem
1060 1899 1186 1952 vereor
1214 1899 1260 1950 ne
1289 1873 1354 1974 ipit
1391 1873 1518 1950 diduri
1555 1869 1720 1961 fuillent,
1764 1873 1949 1951 hominem

556 1995 696 2096 t'gnava
719 2009 846 2098 opera.
871 1985 1076 2096 philosopha
1095 1985 1301 2092 sententia:
1337 1990 1386 2068 Ita
1407 1991 1476 2066 fata
1501 1992 1643 2090 utrique
1673 1991 1837 2068 nostrum
1863 1989 1950 2069 reae

557 2109 770 2214 prospexere
778 2135 790 2202 3
811 2108 1002 2209 prasertim
1030 2133 1113 2186 cunt
1134 2133 1226 2209 ego,
1260 2132 1338 2208 non
1364 2110 1481 2183 minus
1503 2129 1610 2206 quam
1641 2105 1713 2183 Hu
1728 2131 1755 2183 o
1771 2131 1792 2182 a
1807 2129 1891 2183 uru
1907 2132 1947 2193 s,

557 2230 797 2306 mutationem
823 2227 943 2325 postea
967 2226 1120 2303 secutam
1140 2237 1156 2313 ‚'
1184 2224 1322 2304 sublato
1346 2221 1566 2319 Nannetenfi
1598 2220 1725 2305 Edteo
1754 2224 1951 2304 interdieta-

557 2367 629 2444 que
670 2343 870 2449 Religionis
908 2343 1089 2440 libertate³
1126 2341 1356 2434 hauddubie
1385 2339 1525 2426 fuissem
1566 2338 1712 2431 discellu
1754 2355 1949 2446 praeventu-

554 2485 623 2545 tus.

614 2577 794 2657 Caeterum
817 2579 936 2656 nescio
964 2577 1155 2680 quomodo
1183 2577 1306 2656 litterae
1330 2581 1367 2654 in
1393 2567 1517 2653 Gallia
1538 2576 1737 2668 declinant,
1771 2603 1840 2656 nec
1858 2603 1949 2656 mor·
2033 2587 2035 2592 '

555 2697 625 2773 tuis
644 2693 739 2770 Vitis
764 2694 916 2792 egregiis
937 2695 995 2770 alii
1022 2720 1122 2798 pares
1144 2693 1347 2772 succedunt.
1409 2697 1478 2772 Sed
1496 2695 1645 2772 meliora
1668 2699 1740 2794 jam
1766 2697 1868 2799 spero
1884 2697 1948 2772 stu·
2077 2701 2078 2708 ’

558 2809 620 2886 dio
645 2803 1111 2902 Aldatisllrouourr,
1143 2815 1204 2910 qui
1231 2813 1737 2912 Pourounurnntmo
1762 2815 1812 2889 est
1842 2805 1948 2888 exso-

557 2949 640 3002 rore
665 2951 803 3027 nepos,
838 2929 874 3002 dc
901 2951 955 3002 res
982 2929 1181 3006 Academiae
1201 2927 1568 3028 ScientiarumRegiae
1599 2946 1706 3007 curat.
1747 2929 1841 3007 Eum
1858 2931 1949 3005 enim

556 3031 648 3143 puto
674 3041 740 3124 elle
761 3041 865 3120 fimul
894 3037 985 3120 bene
1001 3048 1196 3122 animatum
1223 3049 1260 3122 ἃ
1291 3045 1561 3144 intelligentem.
1594 3045 1635 3123 ln
1652 3045 1819 3134 Domino
1838 3033 1948 3122 Mar-
2078 3109 2079 3124 ,

552 3151 677 3237 'chione
702 3159 1019 3250 Hosarrnrro
1046 3161 1180 3263 aliquid
1202 3160 1445 3264 inaequalitatis
1474 3163 1652 3254 observo,
1686 3163 1787 3265 quod
1821 3163 1951 3240 ualetu-

549 3271 632 3368 'diui
657 3281 752 3374 ejur,
784 3301 829 3354 an
854 3281 963 3376 genio
982 3272 1255 3356 adscribendum
1277 3279 1320 3370 fit
1343 3277 1472 3364 nescio.
1534 3279 1645 3360 Vides
1671 3285 1824 3381 opinor,
1845 3303 1949 3382 quam

552 3395 645 3488 recle
668 3391 816 3470 confilio
840 3419 924 3470 meo
949 3394 1029 3486 usus
1048 3391 1268 3499 [upprelleris
1283 3396 1378 3505 apud
1400 3395 1516 3496 ipsum
1529 3396 1626 3480 illam
1647 3421 1823 3498 nuperam
1837 3421 1953 3474 meam

547 3499 776 3610 'tangentium
809 3511 936 3591 calculi
976 3517 1271 3612 promotionem,
1304 3507 1405 3613 cujus
1429 3539 1539 3614 quam
1555 3515 1624 3590 late
1649 3527 1766 3614 pateat
1791 3513 1870 3592 ulirs
1900 3517 1954 3613 ip-

553 3627 588 3704 se
615 3629 811 3706 observasti.
874 3627 919 3705 Et
944 3629 1058 3706 danda
1095 3654 1203 3731 opera
1228 3631 1304 3719 eli,
1335 3647 1377 3709 ut
1411 3655 1458 3706 ne
1484 3629 1676 3730 suspicetur
1710 3631 1859 3731 quidem
1887 3629 1954 3708 tale

554 3715 688 3844 dliquid
709 3747 821 3862 ¹nobis
845 3743 936 3839 esse3
967 3745 1027 3821 led
1063 3749 1182 3824 nescio
1214 3772 1299 3849 quas
1327 3747 1409 3826 alias
1438 3750 1561 3847 potius
1595 3763 1684 3824 artes
1717 3747 1904 3842 indiredas
1936 3771 1954 3822 a

553 3862 659 3936 nobis
686 3863 730 3936 ad
757 3861 881 3939 fimilia
909 3861 1132 3956 conficienda
1154 3865 1314 3940 adhiberi
1342 3865 1530 3940 arbitretur
1538 3887 1551 3962 3
1582 3863 1632 3940 ita
1662 3867 1757 3939 enim
1790 3863 1867 3940 non
1883 3877 1953 3938 tam

552 3975 655 4052 facile
682 3977 745 4078 ipsi
769 3982 807 4056 in
829 4003 988 4071 mentem
1023 3985 1140 4060 veniet
1172 3980 1367 4061 methodus
1388 3981 1531 4076 nostra5
1563 4003 1768 4084 quanquam
1790 3973 1862 4080 ipsa
1894 4003 1956 4080 per

550 4087 939 4176 stfflmfflffl
1065 4091 1097 4188 s
1735 4101 1849 4169 ’.

611 4209 706 4288 Cum
721 4210 889 4289 credibile
913 4213 955 4290 fit
977 4213 1187 4292 relationem
1210 4221 1303 4297 inter
1326 4237 1421 4293 areas
1454 4210 1610 4312 eiuldem
1640 4219 1784 4302 metae,
1817 4215 1855 4289 ia
1884 4210 1957 4290 Co-

551 4331 640 4406 nicis
672 4339 857 4426 coeptam,
889 4327 1035 4426 longius
1064 4335 1237 4432 progredi
1269 4346 1364 4413 certa
1396 4329 1481 4410 serie
1520 4332 1558 4405 in
1585 4328 1769 4408 altioribus
1801 4331 1954 4409 curvist

555 4445 765 4573 optandum!
779 4442 861 4524 ellel
886 4444 1006 4534 lucem
1033 4447 1189 4546 aliquam
1213 4451 1319 4530 nobis
1344 4452 1383 4527 in
1409 4447 1482 4532 hoc
1501 4471 1633 4550 genere
1650 4445 1808 4534 accendi.
1870 4440 1958 4635 Iltfi

1845 4584 1894 4663 po
1922 4573 1957 4636 et
