4222 5534
305 277 1396 434 r‘rrsn‘rrrrrrssnnonr'mnnme.t.
1486 279 1572 432 ar,
1659 411 1666 420 .

169 457 294 585 abest,
326 509 367 574 ut
389 494 506 574 Dnus.
526 491 750 600 Nrw'ron
765 515 850 581 us,
884 515 930 570 ex
948 492 1013 573 suo
1026 447 1248 595 compendio
1263 519 1340 574 rem
1362 521 1573 603 proponen-
1617 473 1718 594 ¹597

176 613 246 702 di,
278 611 412 715 aliquid
435 611 521 690 utile
552 610 720 697 duxerit,
754 624 793 688 ut
816 613 940 712 potius
961 611 1147 691 involutus
1172 614 1341 709 nonnihil
1359 655 1379 708 ,-
1405 616 1501 696 haud
1523 616 1573 694 sa.
1620 580 1727 673 slus·

177 735 223 808 tis
247 729 495 808 animadvertit
522 754 594 807 una
616 727 812 828 eademque
838 731 1040 830 aequatione
1063 728 1168 808 locali
1188 733 1449 832 comprehendi
1473 732 1573 836 posse

168 847 396 926 'solutionem
412 871 481 948 pro
506 849 677 924 omnibus
712 841 909 945 segmentis.
972 845 1142 926 Prmterea
1172 847 1497 940 considerandum,
1531 853 1574 929 li·
1629 939 1632 946 .

178 989 308 1053 neam,
340 951 420 1067 qnae
445 988 591 1042 curvam
611 961 790 1064 quesitam
812 964 1013 1064 inponitis
1039 963 1322 1066 conspirantibus
1336 967 1459 1056 seem,
1491 970 1574 1074 pos-

179 1083 214 1160 se
237 1079 304 1159 else
335 1082 462 1170 aliern,
495 1105 604 1182 quam
633 1080 796 1168 restam,
830 1086 869 1156 in
898 1081 973 1158 aliis
1005 1080 1310 1183 Problematibus;
1340 1109 1420 1186 quae
1452 1089 1574 1192 omnia

179 1199 341 1277 diltinste
376 1197 730 1301 intelligunturmeo
752 1197 974 1296 procedendi
995 1197 1135 1288 modo,
1150 1189 1153 1199 Κ
1172 1214 1213 1278 ut
1231 1225 1278 1278 ne
1295 1228 1393 1280 nunc
1411 1202 1574 1306 quidem,

181 1317 257 1395 riso
277 1305 528 1403 Nemoniano,
562 1316 646 1395 inde
681 1313 848 1392 recedere
863 1315 989 1393 telin.
1051 1313 1205 1416 Egregia
1236 1318 1317 1398 sunt
1347 1344 1431 1420 quae,
1460 1308 1574 1420 porfo
1702 1365 1709 1376 ι

180 1434 315 1521 addis,
348 1434 385 1509 dr
405 1433 567 1533 proferro
590 1445 746 1510 meretur
767 1430 845 1508 haec
877 1436 1022 1510 materia
1048 1423 1199 1533 amplius
1224 1437 1373 1533 excoli3
1406 1439 1455 1514 est
1478 1441 1576 1518 enim
1712 1530 1716 1536 ¹
1768 1515 1770 1519 .

181 1551 281 1644 velut
306 1575 401 1628 nova
412 1551 575 1656 quaedam
596 1549 771 1626 linearum
792 1572 980 1627 curvarum
1004 1549 1062 1642 seu
1081 1549 1248 1658 locorum
1268 1553 1486 1632 Geometria.
1520 1554 1580 1638 ln-

182 1671 289 1746 terim
313 1671 397 1768 quia
419 1669 500 1746 Tua
529 1665 750 1768 procedendi
784 1663 1015 1777 Methodus,
1047 1691 1116 1768 qua
1138 1669 1183 1746 ad
1223 1675 1482 1769 cogitationem
1506 1687 1580 1748 tam

180 1785 372 1894 pulchram
388 1797 538 1885 tamque
561 1783 687 1862 utilem
713 1783 838 1860 dumis
863 1807 928 1878 es,
961 1786 1070 1862 etiam
1090 1785 1179 1862 alios
1207 1784 1287 1864 usus
1310 1784 1443 1865 habere
1459 1789 1580 1889 potest

183 1905 223 1980 &
254 1899 317 2004 ipsr
342 1927 406 2002 per
430 1899 464 1978 se
487 1899 628 2002 Analyfi
648 1899 782 2002 aliquid
805 1889 935 1996 addit,
961 1925 1055 2001 rogo
1081 1916 1122 1981 ut
1141 1923 1224 1999 earn
1244 1904 1405 1984 distinete
1424 1904 1585 1982 consors
1631 2005 1633 2010 s

184 2023 271 2107 bas,
303 2045 383 2124 una¹
398 2043 483 2098 cum
511 2021 553 2095 iis
572 2043 650 2121 quae
672 2016 756 2094 inde
778 2016 934 2106 duxisti,
968 2020 1005 2116 δι
1031 2011 1122 2095 mihi
1150 2025 1397 2108 communices
1414 2025 1585 2122 ,perio--

183 2137 232 2214 de
259 2160 300 2213 ac
321 2135 470 2242 fialtera
492 2135 551 2213 illa
577 2131 993 2244 nondum-innotuisset,
1044 2137 1224 2216 Ceterum
1244 2139 1374 2218 videris
1402 2163 1480 2216 non
1511 2141 1579 2216 ob·

181 2251 327 2332 servasse
346 2254 446 2354 quod
464 2253 509 2330 de
533 2253 683 2332 Circulo
701 2251 930 2330 satisfaciente
948 2252 1092 2348 lbmrtm
1120 2251 1182 2330 Te
1195 2255 1311 2333 ridere
1328 2253 1499 2355 jusseram.
1532 2254 1581 2334 Et

183 2371 270 2448 licet
295 2371 403 2449 fatear
426 2395 503 2448 non
524 2367 591 2466 else
607 2373 730 2469 magni
752 2363 929 2466 faciendas
946 2369 1036 2446 tales·
1053 2369 1275 2466 solutiones,
1307 2373 1419 2474 qualis
1439 2375 1499 2449 ista
1514 2397 1579 2472 per

185 2487 400 2576 Circulum,
432 2505 493 2566 aut
512 2480 750 2590 Wadistm,
775 2487 1005 2589 quamtitas,
1025 2510 1090 2590 per
1114 2491 1288 2566 unitatem
1304 2514 1323 2584 3.
1345 2491 1430 2568 sunt
1458 2505 1584 2567 tamen

185 2630 308 2694 rerae,
330 2609 379 2684 ’δι
407 2630 456 2683 ex
473 2631 597 2686 esrum
622 2629 741 2682 rerum
763 2627 941 2692 numero,
974 2627 1053 2704 quae
1077 2604 1177 2682 nulla
1196 2602 1350 2706 quidem
1366 2629 1451 2686 cum
1471 2605 1584 2686 laude·

187 2723 391 2812 dicuntur,
419 2725 455 2800 dc
478 2741 602 2802 tamen·
620 2722 800 2802 interdum
820 2745 901 2800 non·
918 2723 1011 2799 bene
1027 2725 1264 2802 omittuntun
1287 2724 1325 2803 Si
1340 2727 1438 2825 quis,
1459 2730 1585 2812 cneus--

183 2839 241 2947 pli
259 2842 385 2930 causa,
412 2839 584 2928 dixisset,
610 2829 889 2919 noblema'cur
912 2837 1221 2926 Warrrsrus
1244 2867 1308 2942 per
1326 2843 1501 2922 unitatem
1531 2841 1581 2919 sa·-
1735 2869 1736 2874 ¹

184 2958 316 3036 tissacit
329 3016 346 3048 ,
373 2981 454 3036 non
468 2955 534 3036 esse
559 2957 709 3036 solubile
728 2962 767 3038 in
787 2957 945 3036 numeris
969 2957 1224 3048 rationalibus,
1241 2956 1433 3060 peccasset,
1457 2960 1580 3036 etiam-

182 3075 216 3154 fi
237 3075 336 3154 nulla
357 3075 423 3153 alia
448 3078 595 3176 reperiri
613 3072 885 3179 possetsolutim
937 3073 1048 3163 Item,
1080 3073 1107 3151 fi
1132 3075 1192 3155 Tu
1224 3075 1368 3154 dixisses
1391 3074 1580 3154 Problema

187 3218 266 3272 non
298 3190 364 3270 else
387 3192 568 3282 solubile,
600 3191 666 3269 nisi
699 3195 740 3269 in
771 3192 1097 3280 transcendentibus
1118 3218 1134 3288 3.
1158 3191 1276 3271 sitisses
1311 3194 1482 3288 refutatus
1515 3214 1580 3292 per

188 3335 298 3400 erun,
333 3313 396 3412 qui
424 3309 611 3391 Circulum
632 3310 719 3388 Tibi
744 3308 954 3410 objecisset,
982 3310 1174 3388 &solutio
1198 3307 1588 3412 perfectamquefis-
1650 3335 1654 3344 ·

188 3435 249 3506 tas
270 3451 439 3530 quoque,
472 3427 749 3528 etlinugatoriae
772 3429 885 3527 videri
914 3425 1070 3528 possint,
1103 3427 1409 3526 comprehendere
1436 3425 1543 3527 debet
1566 3451 1585 3503 :s

187 3569 254 3646 per
281 3571 340 3622 me
363 3569 451 3645 ergo
475 3545 558 3624 licet
572 3545 889 3647 quasr··nugatorias
906 3543 1088 3645 appelles,
1123 3544 1179 3620 vel
1199 3543 1596 3636 semi-ridiculam&

189 3663 241 3740 do
267 3686 343 3739 non
366 3665 469 3763 plane
487 3661 550 3741 usu
573 3687 690 3739 carere
712 3651 859 3741 fatearis.
1136 3763 1138 3766 Ι

226 3766 409 3880 ¹Oportet
442 3795 483 3860 ut
510 3783 556 3855 in·
573 3777 698 3856 litteris
724 3793 885 3857 mentem
920 3803 1037 3856 meam
1070 3805 1146 3880 non
1184 3781 1276 3858 bene
1311 3779 1543 3880 explicuerim
1563 3835 1585 3869 ,

189 3921 278 3976 cum
301 3900 348 3974 ita
376 3897 470 3976 aTe
492 3913 635 4001 accepta
663 3897 731 3984 est,
755 3896 852 3998 quasi
876 3919 949 3996 ego
969 3898 1069 3973 istam
1090 3901 1317 3975 notationem
1343 3893 1367 3998 [
1390 3895 1491 4000 quod
1517 3895 1590 3972 ¹de«

188 4013 381 4092 sideratum
416 4013 496 4091 lieri
523 4011 628 4114 poffir
659 4036 723 4113 per
745 4013 880 4091 radices
907 4017 1183 4122 aquationum]
1212 4018 1251 4091 in
1276 4007 1445 4118 Epssosis,
1464 4013 1592 4094 Cen--

191 4155 326 4208 'ressa
357 4136 572 4234 repererim..
635 4129 770 4230 Repeti·
791 4133 889 4207 enim
922 4133 959 4206 in
987 4133 1076 4207 meis
1112 4135 1310 4232 excerptis,
1341 4130 1400 4210 seu
1414 4133 1589 4222 notatis,

191 4263 274 4328 ante
302 4249 438 4328 multos
468 4273 581 4328 annos
612 4245 855 4348 consignatis,
888 4271 973 4325 cum
1010 4242 1181 4356 Epistulas
1219 4249 1462 4348 Censssrr
1489 4251 1593 4326 forte

192 4365 405 4455 volverem,
439 4367 529 4454 ubi,
563 4381 710 4443 retunt
734 4364 980 4458 confiderata,
1011 4367 1057 4443 de
1089 4367 1205 4444 modo
1229 4367 1306 4448 haec
1331 4379 1585 4444 annotaverant

192 4483 328 4562 obiter,
383 4483 479 4566 Cum
502 4487 615 4588 igitur
637 4481 826 4566 Problema
846 4483 971 4562 Tuum
993 4483 1212 4590 inspiciens,
1239 4479 1473 4570 meminissem
1497 4505 1594 4580 pro-

507 4622 512 4631 *
638 4656 644 4672 .
903 4599 966 4679 Ll
1007 4623 1046 4706 '3
1151 4617 1154 4624 ’
1200 4648 1205 4657 ,
1469 4594 1600 4678 misso-
