4266 5534
544 397 615 490 148
714 375 1213 470 conuenerunt
1258 311 1791 466 retraendum

547 579 1949 656 f--ffl--mffl
2100 572 2107 619 2,

459 704 465 716 '
667 687 671 696 ’
931 727 1632 884 uerosrorarrrrr.

546 969 1125 1079 uuunouurrr
1182 967 1304 1060 nu
1366 963 1948 1114 rumur‘rruru.

839 1216 1111 1368 Responsro
1155 1213 1218 1324 ad
1257 1211 1642 1361 praecedentem.
1753 1245 1758 1252 ·
1910 1215 1915 1222 ’

550 1546 603 1628 De
633 1540 749 1613 anione
766 1537 946 1632 gravitatis.
998 1534 1049 1604 De
1071 1527 1267 1621 estimatum
1286 1531 1405 1598 oirizun
1436 1550 1456 1598 a
1486 1525 1595 1618 priori
1648 1532 1701 1602 De
1723 1525 1950 1620 conservatione

599 1645 718 1711 virimar
739 1633 784 1722 Ed
803 1633 976 1705 directione.
1030 1633 1082 1702 De
1109 1647 1237 1723 corpore
1259 1623 1438 1722 eptadus
1449 1622 1546 1716 fimul
1556 1619 1704 1721 prioratu
1728 1627 1865 1722 impulso.
1904 1635 1953 1700 Ae

599 1735 769 1829 refiffentia
801 1731 981 1806 mediorum.
1025 1727 1270 1802 'Dnnonriratio
1294 1731 1392 1798 emna'
1423 1723 1615 1818 oscillatione
1644 1753 1683 1798 ex
1706 1727 1826 1800 viribru
1853 1732 1948 1800 vivis.

602 1845 655 1914 De
673 1833 772 1932 figatis
790 1832 979 1929 algebraicr's.
1032 1831 1085 1904 De
1106 1833 1187 1900 notis
1212 1827 1443 1900 fluorum
1466 1823 1511 1898 aas
1532 1826 1615 1902 reta
1636 1825 1866 1902 umerorum.

567 2046 615 2144 V
616 2054 648 2140 ir
674 2046 919 2166 Amplissrme
948 2066 1066 2161 atque
1098 2037 1389 2145 Celeberrime‚
1420 2037 1564 2130 Fautor
1592 2035 1926 2170 Honoratiffime!

2083 7 2102 383 i

583 2305 586 2312 ’
676 2316 793 2398 Ellem
816 2313 962 2394 tandem
982 2311 1281 2412 disceptationum
1302 2302 1505 2388 nostrarum
1530 2300 1644 2390 finem*
1668 2309 1819 2402 videre,
1853 2307 1957 2416 quod
2109 2353 2110 2368 ι

692 2434 765 2538 ipse
783 2434 879 2514 haud
903 2432 1013 2510 dubie
1034 2427 1265 2525 desrderabis3
1295 2427 1489 2531 presertim
1505 2452 1589 2508 cum
1613 2427 1791 2510 summam
1814 2435 1957 2510 reinon

554 2537 739 2657 spetiem,
763 2557 802 2630 in
832 2577 902 2656 qua
932 2546 1056 2651 itique
1084 2551 1345 2644 convenimus3
1377 2602 1572 2627 ................
1602 2549 1639 2624 &
1669 2549 1824 2649 proinde
1851 2549 1956 2650 dispi-

556 2674 728 2753 ciendum
756 2673 863 2748 nobis
898 2664 980 2746 esset
1008 2670 1154 2770 potius,
1187 2689 1258 2769 qua
1293 2669 1432 2744 ratione
1461 2669 1568 2746 unitis
1610 2668 1746 2746 viribus
1770 2671 1956 2746 veritatem

558 2791 650 2870 adeo
673 2789 805 2868 claram
823 2791 868 2866 ab
892 2785 1209 2886 Antagouistarum
1229 2783 1308 2863 telis
1329 2783 1509 2862 vindicare
1522 2782 1720 2887 possamus,
1745 2809 1956 2888 quanquam

558 2911 705 2988 interim
726 2921 763 2985 te
792 2905 911 2982 solum
937 2903 1042 3003 hujus
1063 2905 1219 2980 veritatis
1247 2905 1409 3004 primum
1441 2901 1662 2980 detestorem
1684 2904 1803 2982 eidem
1836 2903 1959 2982 defeu-
2108 2993 2109 2996 p

478 3055 480 3061 ’
560 3025 687 3106 dendae
700 3025 781 3127 plus
803 3023 882 3102 satis
905 3045 1030 3125 parem
1050 3034 1186 3122 putem
1247 3019 1339 3100 Noli
1370 3019 1487 3121 quaeso
1508 3023 1639 3110 verba,
1672 3017 1808 3100 sincero
1837 3036 1958 3102 ut-ut
2108 3015 2109 3090 a

448 3243 455 3253 ·
558 3143 781 3247 imprudenti
806 3141 899 3218 mihi
928 3139 1060 3243 elapsa,
1093 3141 1142 3218 ito
1160 3136 1284 3241 iniquh
1306 3139 1549 3240 interpretari,
1581 3136 1677 3240 quafi
1699 3139 1754 3218 Te
1775 3141 1959 3241 cujusdam

526 3355 531 3362 „
559 3263 756 3366 iniquitatis
784 3282 955 3360 arguam,
1001 3254 1088 3336 absrt
1110 3256 1184 3336 hoc
1208 3253 1362 3358 procul,
1395 3259 1484 3334 novi
1504 3255 1625 3334 Tuam
1656 3259 1954 3357 ingenuitatem,

560 3405 669 3482 quam
693 3404 779 3458 cum
798 3375 979 3478 profrurda
1008 3376 1161 3454 Scientia
1184 3375 1222 3452 &
1248 3372 1461 3454 Eruditione
1480 3375 1709 3474 conjuntiam
1729 3376 1838 3456 habes
1845 3404 1858 3473 3
1890 3401 1959 3478 op-

557 3513 673 3574 tarem
693 3509 734 3576 ut
752 3495 839 3574 Tibi
856 3493 934 3573 satis
951 3491 1212 3581 innotesceret,
1245 3495 1370 3594 quanti
1398 3491 1455 3572 Te
1476 3493 1667 3582 aestimem,
1700 3495 1961 3597 quam-longe
2107 3551 2108 3600 q

560 3631 597 3693 te
622 3607 815 3703 omnibus,
848 3615 911 3714 qui
935 3609 1073 3715 Physrci
1086 3627 1104 3700 ,'
1131 3605 1368 3713 Philosophi,
1398 3606 1649 3690 Mathematici
1670 3612 1784 3692 audiri
1804 3613 1958 3701 volunt,

560 3733 771 3836 praeferam3
813 3753 923 3832 quam
954 3732 1081 3808 crebro
1115 3731 1264 3809 unicum
1296 3727 1616 3808 La1nu1u1uu
1650 3733 1690 3806 in
1715 3751 1775 3809 me
1808 3730 1961 3810 habeam

469 3899 477 3926 .
562 3850 659 3953 apud
682 3875 835 3938 onmes,
868 3845 1082 3949 quibuscum
1115 3846 1226 3924 bodie
1253 3846 1452 3924 conversari
1481 3847 1594 3928 datur.
1657 3846 1807 3928 nterim
1835 3853 1962 3928 etiam-

562 3989 654 4048 num
679 3967 888 4046 sententiam
909 3986 1026 4044 meam
1049 3979 1179 4054 tueor,
1212 3963 1299 4045 duas
1322 3967 1498 4044 nimirum
1522 3969 1734 4068 quantitates
1761 3965 1962 4049 fluidorum

563 4085 840 4189 equivelo'cium
861 4086 1121 4166 incurrentium
1156 4087 1196 4162 in
1227 4083 1303 4164 duo
1338 4083 1503 4186 Corpora
1526 4084 1699 4186 aequelia,
1731 4085 1801 4164 illis
1831 4085 1964 4166 inserte
2106 4153 2107 4174 ,

564 4208 681 4294 vires,
714 4228 793 4306 quae
811 4201 892 4282 sunt
910 4207 949 4282 in
970 4207 1109 4282 ratione
1128 4207 1370 4307 quantitatum
1390 4201 1596 4283 fluidorum.
1657 4205 1728 4284 Sed
1749 4203 1811 4282 hic
1828 4205 1965 4308 suppo-

565 4347 617 4402 no
642 4327 853 4426 quantitates
877 4317 1074 4400 fluidorum
1104 4321 1242 4398 infinite
1270 4345 1395 4422 parvas
1422 4319 1491 4401 esse
1514 4320 1672 4423 respettu
1709 4324 1962 4425 Corporum,
2056 4399 2064 4412 .

486 4513 488 4518 Α
566 4443 604 4518 in
628 4466 707 4544 quae
736 4445 924 4520 incurrunt
943 4440 1025 4536 [uti
1046 4461 1168 4516 revere
1188 4436 1343 4539 supponi
1373 4438 1503 4530 debet,
1535 4439 1609 4518 hoc
1632 4443 1729 4520 enim
1758 4441 1864 4520 findi
1879 4441 1963 4522 usus

460 4587 463 4594 ·
560 4559 644 4644 sum
671 4560 717 4640 ad
736 4557 998 4667 explicandum
1029 4553 1227 4665 mpetum
1247 4569 1546 4646 momentaneum
1570 4563 1728 4646 materie
1751 4557 1961 4669 gamer,

566 4697 595 4724 .‚
1882 4699 1966 4786 φα
