4344 5526
342 309 658 440 n'nrsslvrrrr
687 369 767 436 ET
796 360 1205 452 ΒΕΚΝΟΠΜΗ,
1239 363 1405 482 Eil'lsT.
1427 372 1473 447 V.
1564 403 1607 476 15

207 516 272 583 aut
289 501 474 605 dependet
494 501 515 584 d
538 502 765 600 Quadratum
788 495 924 583 Circuli
941 515 1003 582 aut
1030 499 1272 603 Hyperbolae‚
1311 504 1413 606 quod
1427 555 1431 562 -
1445 505 1612 590 demoni-
1660 548 1758 631 1'694

206 633 302 701 trare
330 615 472 723 pollam
494 648 504 700 :
523 620 584 702 sed
606 623 779 713 vicillrm,
806 619 834 700 st
860 621 1009 722 aliquod
1036 620 1189 722 spatium
1216 621 1267 700 est
1293 623 1520 724 quadrabile,
1553 631 1613 709 vel
1634 638 1777 736 Septem.

204 739 389 842 dependet
418 742 462 846 ab
486 738 653 820 alterutra
676 745 820 822 istarum
846 739 1184 837 Quadraturmum,
1219 741 1293 839 ejus
1310 742 1529 826 elementum
1549 775 1616 828 ne-

190 853 353 938 ceilarid
376 858 525 960 quidem
543 865 675 940 mutari
703 859 801 962 polle
827 861 935 940 debet
955 861 995 939 in
1018 858 1136 948 aliud,
1173 858 1275 962 quod
1296 865 1516 962 exprimatur
1548 893 1613 975 per

208 976 416 1056 alterutram
435 976 695 1080 expreffionem
715 977 1009 1069 differentialem‚
1043 1003 1114 1079 ope
1139 1001 1245 1056 novae
1265 979 1449 1078 cujusdam
1481 982 1614 1086 suppo-
1658 1019 1661 1026 ·

208 1093 346 1173 litionis
372 1093 597 1198 litterarum„
646 1094 828 1200 Regulam
872 1111 993 1178 autem
1016 1096 1222 1198 generalem
1259 1121 1328 1197 pro
1355 1099 1424 1178 hac
1454 1101 1614 1206 suppose.
1658 1173 1661 1180 ,

209 1216 310 1292 tione
331 1215 544 1314 generaliter
573 1216 789 1296 instituenda
816 1215 935 1296 adhuc
955 1215 1140 1306 deiidero,
1173 1238 1241 1294 nec
1254 1237 1417 1320 unquam
1429 1223 1615 1302 inventam

208 1334 253 1409 iri
279 1329 407 1434 spero:
427 1333 550 1412 saltem
568 1360 646 1413 non
669 1337 784 1435 magis
806 1335 924 1438 ‚quam
935 1335 1055 1425 illam,
1083 1357 1149 1438 per
1169 1359 1278 1438 quam
1296 1338 1469 1438 cognosci
1486 1337 1613 1442 pollet,

209 1475 301 1528 num
325 1455 480 1551 aequatio
511 1453 723 1554 Algebraiou
745 1457 923 1556 quantivis
945 1454 1077 1554 gradus
1098 1456 1135 1532 dc
1154 1459 1384 1556 quantumvis
1413 1458 1616 1560 compulita

210 1567 445 1670 deprimibilis
463 1568 565 1660 ellet,
598 1557 738 1650 nec-ne.
803 1571 840 1650 Si
858 1574 938 1673 quis
962 1577 1060 1648 enim
1080 1574 1285 1674 quantitatis
1306 1571 1454 1674 alicujus
1473 1580 1616 1656 irratio-

209 1687 300 1764 nalis
332 1689 368 1762 de
397 1687 501 1766 valde
537 1689 745 1792 compofitae
782 1689 937 1770 sumeret
966 1687 1199 1792 differentiale
1238 1691 1379 1798 (quod
1406 1691 1509 1773 facile
1531 1693 1616 1791 lit)

209 1803 372 1907 illudque
392 1805 482 1883 mihi
504 1807 760 1908 integrandum
777 1823 1028 1909 proponeret;
1059 1807 1178 1887 nescio
1202 1808 1282 1888 sane
1307 1835 1445 1890 an-non
1467 1811 1529 1892 diu
1549 1812 1614 1916 ipsr

209 1921 438 2012 inhaererem,
457 1925 654 2005 &tandem
668 1951 744 2004 non
757 1924 822 2002 nili
836 1924 915 2005 calu
931 1925 1184 2028 &palpando,
1210 1927 1269 2006 vel
1282 1932 1389 2006 etiam
1402 1945 1613 2033 nunquam,

209 2037 255 2119 ed
274 2046 510 2143 pervenirem.
572 2043 615 2122 Id
636 2043 758 2122 saltem
780 2041 923 2122 alletere
941 2044 1073 2133 auson,
1106 2045 1399 2142 testificationem
1420 2046 1556 2150 Ellipsrs
1577 2053 1615 2126 &

208 2155 439 2261 Hyperbolre
456 2163 501 2238 ad
513 2160 721 2241 earumdem
732 2161 975 2258 Quadraturas
985 2187 1061 2240 non
1070 2160 1169 2263 polle
1182 2161 1324 2241 reduci:
1339 2164 1468 2244 harum
1479 2169 1615 2268 quippe

209 2299 400 2358 curvarum
420 2275 595 2358 elementa
613 2279 658 2358 ad
676 2296 839 2360 neutram
855 2279 1029 2360 dianna
1048 2279 1288 2360 formularum
1307 2281 1422 2382 redigi
1444 2281 1611 2386 poliunt,

207 2393 310 2476 facile
326 2399 424 2476 enirn
438 2421 565 2478 onmes
578 2395 758 2499 pollrbiles
775 2399 813 2476 δι
826 2395 1023 2480 necellariae
1037 2397 1297 2502 iuppofitiones
1309 2399 1580 2484 institumtur..
1601 2464 1613 2482 .

239 2663 242 2668 ¹
267 2632 424 2712 Mirifice
448 2634 565 2737 placet
587 2633 781 2714 methodus
808 2634 889 2716 Tua
919 2639 958 2714 in
980 2628 1094 2714 Ama
1116 2635 1207 2736 (5)
1233 2638 1306 2736 jam
1328 2636 1523 2738 explicata,
1548 2665 1614 2742 per

208 2777 318 2856 quam
346 2755 509 2853 quamvis
532 2751 797 2850 Quadratumm
817 2755 862 2832 ad
884 2755 1008 2834 seriem
1029 2773 1175 2830 revocas
1197 2777 1207 2828 :
1238 2753 1494 2852 generalillrma
1515 2761 1614 2838 eninr

208 2855 280 2958 eil,
314 2871 354 2946 dc
380 2873 420 2948 in
443 2874 546 2972 praxi
571 2871 708 2949 facilis:
746 2872 785 2949 id
815 2885 937 2952 tamen
968 2868 1198 2951 incommodi
1224 2869 1356 2960 habet,
1390 2874 1543 2976 quodsi
1574 2880 1613 2984 in

207 2991 409 3092 aequatione
429 2987 656 3067 differentiali
676 2992 874 3092 reperiatur
890 3018 915 3094 y
935 2992 973 3070 &
993 2989 1023 3068 d
1022 3017 1065 3096 y,
1097 2987 1156 3064 vel
1176 3009 1204 3056 x
1218 2988 1255 3064 de
1274 2985 1334 3065 dx
1356 2990 1510 3072 duarum
1525 2980 1616 3095 ¹plu*-

207 3111 351 3206 riumve
381 3105 679 3206 dimenlionum3
711 3106 814 3188 series
841 3109 927 3189 inde
957 3125 1036 3190 orta
1068 3105 1207 3186 nulum
1243 3106 1465 3189 manifestam
1489 3110 1612 3242 legenp

207 3270 466 3374 progreilionis
479 3273 667 3365 observet,
698 3290 740 3356 ut
759 3276 890 3355 accidit
907 3281 946 3354 in
967 3275 1174 3380 quadranda
1186 3299 1295 3356 curva
1307 3265 1359 3350 xx
1375 3303 1483 3382 =y.
1517 3275 1614 3360 Mea

206 3407 328 3471 autern
347 3391 471 3482 series,
498 3391 583 3472 licet
599 3417 754 3474 numero
772 3395 943 3486 infinite,
973 3395 1000 3474 fi
1018 3395 1134 3474 modo
1152 3399 1303 3496 incepta
1320 3393 1473 3486 fuerint,
1498 3419 1613 3499 quan·

207 3515 341 3588 tumvis
360 3513 564 3593 continuari
578 3509 751 3614 ponunt:
783 3518 868 3616 quia
896 3515 1061 3594 evidente
1077 3514 1159 3614 lege
1181 3513 1474 3614 progrediuntur.
1505 3516 1612 3596 Adde

208 3628 246 3706 ἃ
273 3629 374 3717 hoc,
407 3630 510 3732 quod
531 3653 597 3732 per
626 3636 925 3734 aggregationem
948 3636 1189 3718 terminorum
1215 3631 1535 3735 homogeueorum
1569 3637 1610 3712 irr

205 3749 351 3828 unicam
376 3746 503 3826 seriem
530 3753 696 3828 converti
722 3747 876 3852 pollent.
1613 3839 1620 3858 ,

265 3866 475 3946 Commode
501 3867 562 3946 hic
584 3871 812 3949 mentionem
828 3874 986 3972 injiciam
1002 3871 1102 3950 seriei
1114 3868 1408 3950 universaliffimae
1420 3927 1442 3960 ,,
1464 3873 1609 3950 nonita

206 3984 352 4085 pridem
368 3985 461 4064 milri
488 3999 661 4089 repertae,
695 4009 776 4091 quae
802 4011 928 4065 omnes
947 3989 1178 4090 quadraturas
1210 3989 1247 4063 δι
1264 3987 1532 4066 testificationes
1546 4014 1612 4088 ge-

206 4103 375 4182 neraliter
393 4108 581 4205 exprimit,
614 4131 767 4208 quaeque
797 4105 976 4184 methodo
996 4107 1225 4205 tangentium
1255 4107 1399 4183 inversae
1433 4104 1608 4206 aptiffima

208 4221 268 4299 est.
328 4220 444 4301 Pofita
462 4227 559 4302 enim
579 4248 794 4327 quacunque
825 4221 1050 4302 differentiali
1067 4225 1263 4324 quantitate
1281 4223 1491 4323 integranda
1509 4249 1535 4298 a
1547 4222 1611 4299 dz

208 4337 317 4443 (per
334 4365 360 4415 a
378 4339 545 4442 intelligo
578 4346 812 4447 quantitatem
849 4339 1188 4445 quomodocunque
1208 4341 1401 4421 formatam
1433 4365 1479 4417 ex
1507 4340 1612 4418 inde·

1486 4461 1609 4538 termi-

249 4567 318 4643 (ς)
338 4569 375 4634 G.
387 4570 421 4635 G·
431 4571 463 4637 L.
485 4549 709 4652 supprimamus
725 4551 887 4656 ¹(leomem'ae
902 4575 1046 4654 prodire,
1084 4531 1179 4652 esaan
1193 4575 1369 4650 problemata
1383 4565 1608 4660 trmfiendmtio
1751 4629 1756 4640 ,

206 4653 375 4814 aternum:
395 4671 443 4738 apa
461 4677 537 4721 aava
554 4656 676 4722 methodi
693 4661 827 4738 generalis
844 4674 894 4738 per
904 4651 991 4749 series
1018 4659 1050 4716 in
1098 4660 1155 4719 'tarn
1174 4655 1236 4721 Λᾶ.
1263 4653 1373 4720 Ειιιιῑίῑ.
1405 4659 1495 4732 1⁶93·
1511 4647 1606 4727 tlprtl.
