4222 5534
202 287 206 321 '
256 275 1309 422 zarnnrrrrrrrrauoorrrr,ansa.
1336 301 1415 404 tv?
1513 311 1619 417 201'
1653 301 1654 316 '

171 461 281 540 reddi
305 459 418 563 posset
446 459 584 540 infinita
616 461 675 540 vel
696 460 819 541 saltem
856 463 1186 563 incomparabditer
1220 482 1351 564 magna
1375 485 1458 566 quae
1478 464 1581 538 omni
1648 514 1694 580 16

172 578 347 680 impulsui
385 577 578 668 resisteret,
611 578 713 680 quod
747 583 809 657 ista
834 581 911 658 vasa
942 580 1089 658 tandem
1117 581 1407 682 obrigescerent,
1465 581 1504 656 &
1532 578 1580 654 stc
1639 519 1744 704 pm?

175 699 391 778 exhiberent
420 697 574 775 solidum
597 697 819 798 persedum,
851 697 954 800 quod
977 702 1107 799 quovis
1138 715 1259 778 tamen
1296 702 1439 776 instanti
1465 711 1581 775 nauta-

176 831 236 895 ret
259 819 466 904 materiam,
500 813 631 894 servata
654 815 792 918 semper
812 817 938 896 eadem
966 815 1090 918 ligura.
1152 817 1269 913 and
1294 817 1440 896 durities
1459 841 1479 894 a
1497 839 1583 892 mou

177 949 224 1013 tu
247 934 471 1036 conspirante
494 933 749 1036 particularum
769 937 978 1036 proveniat,
1011 938 1119 1012 etiam
1136 935 1226 1014 inde
1235 935 1354 1036 p'atet,
1388 932 1489 1036 quod
1504 957 1580 1010 ma-

179 1055 269 1130 teria
288 1049 487 1131 fluidislima
519 1050 626 1140 alias,
660 1053 772 1152 qualis
792 1055 842 1130 est
859 1062 937 1143 air,
970 1053 1117 1155 quando
1145 1054 1184 1129 in
1221 1051 1473 1160 vehementem
1499 1073 1596 1147 mo-¹

179 1187 263 1250 trun
281 1173 451 1270 agitatur,
485 1165 677 1250 difficulter
701 1175 849 1274 corpori
878 1171 971 1250 duro
991 1185 1179 1272 penetrare
1194 1171 1331 1248 volenti
1362 1170 1487 1248 locum
1524 1191 1582 1244 ce·
1608 1193 1611 1218 ³

182 1291 268 1373 data
300 1305 342 1368 ut
365 1288 403 1364 id
426 1288 590 1370 videmus
614 1291 652 1365 in
675 1293 790 1366 ventis
810 1289 986 1366 violentie
1047 1287 1093 1368 Et
1115 1288 1280 1390 inprimis
1316 1287 1477 1366 notabile
1509 1285 1581 1372 est,

182 1407 287 1512 quod
311 1404 462 1484 observo
482 1405 690 1508 explosrone
714 1405 862 1509 sclopeti
879 1409 953 1483 mei
977 1409 1216 1508 pneumatici,
1250 1406 1353 1509 quod
1386 1429 1457 1507 ope
1495 1405 1584 1480 a'e'ris

183 1523 391 1605 condensati
415 1521 609 1624 globulum
634 1523 849 1626 plumbeum
868 1526 997 1623 trajicit
1018 1549 1083 1626 per
1100 1521 1246 1603 asserem
1273 1524 1352 1602 satis
1379 1520 1528 1602 crassum
1547 1523 1586 1596 in

183 1645 348 1722 distantia
378 1665 429 1736 to
455 1639 637 1744 passuum3
670 1643 849 1732 observo,
880 1645 1054 1744 inquam,
1085 1645 1138 1720 ibi
1158 1651 1276 1720 aerem
1305 1665 1350 1719 eo
1369 1640 1481 1743 usque
1496 1661 1587 1716 con-

182 1761 347 1849 denbri,
381 1751 574 1838 &deinde
597 1773 699 1838 tanto
723 1785 809 1840 cum
847 1763 1051 1866 impetu&
1078 1759 1268 1840 velocitate
1297 1783 1512 1864 erumpere,
1545 1767 1589 1835 ut

184 1881 251 1960 sub
281 1879 400 1956 forma
439 1877 566 1955 visrbili
595 1883 758 1980 corporis
781 1877 938 1979 oblongi
965 1877 1071 1956 solidi
1101 1880 1141 1955 δι
1170 1878 1295 1978 opaci,
1329 1888 1515 1981 appareat,
1550 1875 1589 1952 dt
1689 1917 1692 1924 ·

186 1997 286 2078 diuo
308 1999 413 2075 citius
436 1999 568 2073 itemm
588 1996 793 2102 evanescat3
824 1999 871 2075 ita
905 2011 948 2075 ut
976 1995 1125 2074 fimriter
1150 1996 1319 2085 credam,
1367 1993 1394 2072 fi
1424 1990 1589 2095 poffibile

189 2115 275 2197 effet
296 2128 338 2194 ut
366 2139 412 2194 eo
438 2127 629 2192 momento
658 2125 734 2215 quo
760 2124 823 2192 aer
853 2115 916 2192 iste
939 2114 1175 2217 condensatus
1198 2116 1382 2214 erumpit,
1415 2107 1588 2211 globulus

185 2235 318 2337 aliquis
339 2231 484 2312 aliunde
509 2231 672 2321 veniens,
707 2235 745 2310 dt
767 2231 813 2310 ad
841 2242 960 2310 aerem
980 2246 1231 2332 erumpentem
1254 2230 1438 2334 appellens
1455 2231 1495 2304 in
1535 2226 1591 2322 di·

190 2354 352 2431 retlione
375 2347 660 2452 perpendiculari
670 2351 716 2427 ad
746 2349 984 2428 direttionem
1009 2354 1120 2437 aeris,
1151 2349 1251 2428 hunc
1283 2342 1476 2448 globulum
1509 2367 1590 2422 non

190 2471 310 2550 solum
329 2492 408 2547 non
432 2493 498 2573 per
522 2466 755 2546 transversum
772 2472 860 2546 atris
875 2481 1166 2572 penetraturum,
1199 2465 1259 2544 sed
1288 2489 1331 2544 ac
1347 2464 1374 2542 s1
1392 2467 1432 2540 in
1458 2461 1593 2543 domm

189 2590 339 2690 Corpus
348 2581 497 2666 allisrsset
510 2590 642 2666 iterum
661 2586 877 2666 resulturuna
889 2585 978 2668 fore
1037 2583 1220 2665 Ceterum
1246 2583 1381 2660 videris
1395 2587 1593 2686 impugna·

192 2731 235 2785 re
256 2720 423 2794 atomos,
456 2707 588 2808 quibus
619 2717 740 2782 tamur
762 2703 843 2782 Tua
865 2705 994 2806 opinio
1021 2706 1116 2782 circa
1138 2702 1309 2782 duritiem
1341 2697 1461 2796 savet3
1507 2694 1598 2800 quid

192 2829 295 2904 enim
314 2824 455 2909 obstat,
489 2825 683 2924 quominus
703 2822 888 2901 credamus
903 2824 1089 2900 materiam
1103 2823 1211 2899 etiam
1227 2817 1467 2899 fluidissnnam
1495 2813 1599 2893 oons-

193 2959 271 3026 tare
291 2940 508 3047 corpusculis
534 2943 712 3029 minimis,
745 2963 905 3044 quorum
927 2939 1152 3041 smgulorum
1177 2953 1294 3041 partes
1312 2937 1394 3017 sunt
1416 2939 1455 3012 in
1471 2956 1600 3034 perpe·

194 3077 265 3142 tuo
289 3076 395 3140 motu
416 3057 634 3159 conspiranti
649 3058 801 3159 posltae?
831 3047 897 3136 Illa
911 3081 1000 3160 ergo
1017 3057 1228 3160 corpuscula
1246 3056 1327 3138 sunt
1349 3054 1482 3141 atomi,
1499 3069 1601 3126 mea·

196 3194 236 3259 te
259 3179 406 3283 quidem
429 3175 618 3256 divifibiles
642 3175 702 3255 sed
727 3177 807 3257 atu
827 3177 1008 3267 indivisa,
1040 3175 1128 3256 vale.
1374 3197 1388 3212 ·

223 3359 400 3508 damage.
422 3415 480 3490 26.
505 3409 601 3507 Junii
633 3415 740 3504 1697.

843 3605 1085 3716 amputarat
1108 3601 1199 3704 aaa
1335 3563 1343 3578 '

1002 3803 1010 3815 ’
1111 3813 1470 3926 Οὺΐεςυίοΐιῐῦηιυε,
1520 3905 1524 3923 ¹
1609 3937 1613 3946 .

1007 4007 1010 4014 ¹
1068 4038 1101 4148 J,
1133 4040 1440 4123 Banuoaam.
