4292 5530
570 281 618 378 8'4
718 285 1221 382 colluctetur
1266 235 1793 374 aristonicum
1865 242 1870 248 ’

430 425 523 544 repe
572 461 681 540 quem
712 435 807 514 forte
830 434 983 515 credidit
999 433 1146 535 palliare
1176 455 1339 510 errorem
1361 431 1524 512 voluilla
1580 435 1681 520 Cum
1702 458 1824 524 nmen
1850 444 1970 530 dilata

433 555 507 650 Jul.
571 557 763 656 agnitionis
786 551 940 636 nonalia
960 553 1068 632 fuerit
1091 549 1217 638 causa,
1249 575 1359 650 quam
1369 551 1545 629 distractio
1563 557 1700 650 animi,
1719 561 1831 664 longe
1848 565 1971 645 dines.

570 673 603 751 sa
627 671 971 770 studia'plerumque
998 669 1184 749 volventis.
1245 666 1330 746 Hoc
1352 692 1465 768 rogo,
1492 685 1533 750 ut
1557 674 1590 748 ei
1613 701 1698 756 cum
1717 679 1825 760 salute
1852 684 1969 785 pluri.

570 815 629 868 ma
651 788 840 890 significes..
895 785 1022 865 Nullas
1036 787 1204 888 equidem
1227 784 1394 862 hellenus
1407 790 1450 863 ab
1471 814 1515 866 eo
1530 799 1652 894 accepi
1668 797 1821 894 litteras;
1839 799 1897 878 sed
1910 817 1968 880 tat-

569 933 654 986 men
672 931 741 984 nec
760 907 869 984 uelim
886 909 919 984 ei
939 905 1105 982 laborem
1119 903 1300 980 scribendi
1318 901 1457 982 fortalle
1485 910 1667 1008 ingratum
1690 918 1842 1016 imponi.
2107 909 2108 914 ’

630 1025 669 1103 Si
687 1019 864 1102 rationem
884 1025 1058 1099 invenires
1091 1020 1370 1110 determinandi,
1404 1048 1482 1126 quae
1509 1051 1616 1105 curva
1640 1029 1681 1108 fit
1706 1031 1967 1126 testificabilis„

568 1145 628 1220 vel
648 1167 711 1244 per
740 1142 794 1232 se,
824 1140 883 1218 vel
911 1139 1031 1216 saltem
1061 1163 1146 1216 cunr
1168 1137 1293 1214 circuli
1315 1163 1397 1218 arcu
1412 1167 1427 1235 ;⁴
1455 1167 1529 1220 rem
1553 1149 1704 1224 maximi
1726 1159 1902 1230 momenti
1922 1158 1967 1231 in

567 1260 641 1337 hoc
660 1263 810 1360 negotio
834 1257 1043 1359 praestares..·
1079 1255 1202 1360 Itaque
1221 1253 1418 1334 hortandus
1441 1284 1502 1349 ee,
1533 1285 1579 1340 ne
1597 1262 1703 1362 hujus
1717 1266 1966 1348 meditationis

567 1375 798 1458 obliviscaris..
1822 1379 1826 1388 '

623 1493 770 1594 Aliquid
791 1495 978 1593 egregium
1007 1489 1153 1568 dedillet
1174 1487 1291 1570 Dnus.
1353 1490 1821 1592 Tscnraurrausros',
1857 1501 1960 1581 frol-

564 1609 727 1689 tendillet
751 1610 927 1698 modum,
960 1609 1040 1686 data
1062 1610 1155 1686 linea
1179 1609 1396 1706 algebtaica‚
1430 1615 1635 1692 inveniendi
1656 1621 1729 1714 ejus
1747 1619 1870 1708 focos,
1897 1624 1959 1701 leu

564 1729 719 1806 modum
747 1726 969 1804 describendi
986 1727 1117 1804 lineam
1144 1749 1207 1826 per
1228 1723 1286 1802 fila
1313 1728 1406 1801 circa
1429 1731 1590 1830 quadam
1611 1737 1739 1831 puncta
1767 1736 1859 1826 fixa,
1892 1764 1960 1839 per

564 1859 842 1943 emungentes,
868 1858 928 1922 aut
949 1843 1201 1942 divergentes,
1221 1857 1281 1920 aut
1297 1845 1441 1921 vicarias
1455 1848 1496 1922 iis
1519 1849 1697 1948 parallelas
1711 1911 1726 1940 ,.
1755 1869 1815 1932 aut
1839 1857 1959 1934 osten·

563 1963 674 2040 dendi
699 1959 1022 2062 impoffibilitatem.
1054 1959 1230 2062 Equidem
1258 1960 1375 2060 potell
1394 1985 1438 2038 eo
1459 1969 1661 2064 perveniri,
1694 1969 1877 2050 sacaleulo
1894 1975 1961 2050 de.

561 2081 733 2158 ducamus
757 2103 880 2158 curvas
906 2079 1080 2164 exfocis,
1114 2080 1151 2154 ἃ
1175 2081 1391 2178 aquationes
1420 2081 1465 2156 ad
1494 2105 1640 2160 curvam
1669 2089 1828 2165 inventas
1856 2113 1965 2168 com.

562 2221 728 2298 paremus
746 2197 860 2290 datae3
891 2195 951 2272 sed
977 2219 1047 2294 ego
1069 2209 1231 2296 optarem
1253 2195 1476 2275 lllethodum
1502 2199 1730 2280 directiorem
1752 2207 1789 2282 δι
1815 2193 1959 2286 brevio-

470 2301 474 2312 ’
562 2338 658 2391 rem..
711 2311 848 2390 Modus
861 2371 880 2402 ,,
906 2337 981 2412 quo
1014 2311 1087 2412 ipse
1118 2327 1362 2412 percurrentes
1391 2337 1475 2392 cum
1506 2315 1712 2416 algebraicis
1734 2341 1919 2426 comparat
1939 2385 1957 2414 ,.

492 2495 499 2524 ,
562 2433 703 2510 coellus
726 2433 802 2519 est,
832 2432 867 2506 dr
900 2433 937 2505 in
967 2428 1120 2528 speciem
1147 2429 1325 2508 detortus..
1378 2429 1458 2530 Ego
1485 2437 1635 2531 majores
1667 2458 1713 2514 err
1735 2463 1830 2518 nova
1852 2439 1960 2520 Libri

561 2553 635 2648 ejus
661 2547 827 2628 Editione
866 2545 1067 2647 progtellus
1104 2546 1341 2649 expellebant.
1402 2548 1573 2629 Praelata
1607 2565 1727 2632 tamen
1751 2560 1789 2634 in
1808 2558 1953 2658 Physica

561 2665 828 2766 experimentali
853 2662 1044 2742 observalle
1061 2680 1183 2765 put03.
1207 2687 1286 2766 quae
1313 2665 1442 2743 vellem
1464 2681 1506 2744 ut
1529 2669 1672 2759 ederet,
1706 2679 1958 2777 potius-quam.

561 2781 799 2860 Geometricis
821 2779 902 2859 solis
923 2783 1196 2868 immoraretur,
1230 2784 1418 2882 inquibus
1444 2784 1534 2860 milri
1565 2790 1719 2888 optimas
1734 2789 1806 2868 vias
1832 2796 1950 2894 ingre-

560 2901 598 2976 di
621 2925 697 2978 non
720 2899 887 2986 videtur,
921 2897 1010 2975 dum
1029 2897 1240 2976 commodas
1266 2881 1464 2978 meditandi
1493 2904 1647 2980 rationes
1669 2907 1712 2984 ab
1733 2907 1808 2986 aliis
1831 2913 1956 2988 mons-

556 3032 662 3094 tratas
687 3020 816 3094 euitare
845 3013 999 3094 affectat..

617 3134 730 3214 Nunc
751 3135 857 3210 venio
883 3131 926 3208 ad
949 3131 1226 3210 controversum
1243 3136 1335 3210 inter
1367 3161 1434 3212 nos
1455 3141 1578 3236 agitari
1598 3155 1756 3241 coeptam
1778 3203 1789 3234 ‚
1822 3147 1867 3224 d'e
1889 3149 1955 3226 aes-¹

559 3256 746 3330 timatione
766 3253 937 3352 potentiae
961 3253 1144 3344 motrieis3
1175 3251 1347 3352 speroque
1374 3278 1441 3329 nos
1469 3254 1689 3336 retlillrmam
1708 3265 1802 3340 viam
1827 3265 1950 3341 termi-

557 3369 683 3446 nandae
706 3373 779 3466 eius
808 3365 1004 3466 ingrellos,
1036 3390 1100 3466 per
1123 3373 1407 3466 penetrationem
1435 3370 1568 3450 scilicet
1584 3377 1630 3450 in.
1645 3377 1805 3456 medium
1828 3379 1952 3460 Erant..

559 3511 673 3573 cum,
700 3485 844 3561 aliterve
871 3482 1049 3584 aequaliter
1083 3484 1217 3584 ubique
1253 3483 1416 3562 resistens.
1478 3487 1547 3566 Sed
1573 3515 1664 3590 opus
1690 3495 1764 3584 est,
1798 3514 1840 3576 ut
1870 3523 1952 3576 rem-

557 3603 677 3684 ordiar
695 3595 809 3702 pauld
831 3599 942 3678 altius
974 3599 1044 3678 Aio
1063 3603 1193 3700 igitur,
1228 3603 1267 3676 in
1292 3601 1524 3692 universum,
1548 3605 1671 3684 Artem
1688 3613 1883 3694 aeltiruandi
1907 3620 1945 3694 in

557 3747 602 3800 eo
633 3717 844 3812 confistere,
877 3733 923 3796 ut.
956 3721 1077 3796 omnia
1101 3715 1342 3805 reducamus,
1377 3720 1497 3818 quoad
1529 3722 1634 3814 licet,
1668 3729 1716 3804 ad
1744 3733 1952 3811 mensuram.

556 3837 755 3942 quamdam-
775 3861 994 3935 congruam,
1028 3824 1128 3946 cujus
1151 3832 1302 3934 simplici
1318 3838 1529 3934 repetitione
1551 3839 1592 3920 fit
1614 3869 1728 3945 opus,
1762 3863 1803 3925 ut
1826 3853 1863 3926 in
1878 3877 1950 3929 nrt..

555 3959 662 4036 meris
683 3955 733 4030 est
756 3957 881 4032 unitas.
942 3953 1066 4054 ltaque.
1089 3954 1334 4052 concipiamus
1353 3955 1425 4050 jam
1453 3977 1585 4056 corpus
1604 3959 1651 4048 B,
1685 3965 1731 4036 in.
1752 3967 1873 4044 medio
1900 3969 1950 4045 li.

556 4077 739 4158 bertinio,
772 4067 843 4146 stne
864 4069 940 4148 ullo
963 4069 1223 4169 impedimento
1243 4073 1401 4156 moveri,
1423 4087 1516 4149 certa
1538 4075 1749 4170 velocitate,
1783 4097 1824 4162 ut
1841 4109 1888 4174 a,
1903 4087 1948 4162 &.

428 4221 439 4230 ⁸
554 4187 738 4272 succeffive
761 4187 900 4285 aliquot
929 4184 1051 4284 globis
1078 4189 1171 4263 inter
1194 4184 1230 4262 le
1259 4186 1481 4288 equalibus,¹
1506 4192 1543 4266 &
1571 4192 1726 4290 ejusdem
1757 4205 1947 4292 materia„

549 4332 680 4411 nempe
707 4305 758 4401 L;
781 4296 859 4414 Mb·
878 4301 937 4390 N,
962 4302 1028 4378 &c
1057 4299 1212 4379 eundem
1240 4303 1322 4380 dare
1348 4303 1500 4414 gradum
1524 4309 1749 4406 velocitatis-,.
1774 4334 1815 4398 ut
1838 4334 1951 4405 ηπ..

547 4421 622 4536 que,
638 4417 882 4512 hocelletlm
909 4440 1026 4522 eoqpe
1051 4414 1283 4520 soloperado
1298 4476 1317 4512 „
1343 4424 1617 4540 conquielcere,
1640 4435 1742 4516 ouuu'
1760 4437 1795 4510 vi
1809 4437 1947 4535 agendi

1817 4549 1948 4634 omrlla
