4344 5526
542 341 570 414 4
718 276 1212 420 commanerem
1257 325 1762 426 antarcticum

403 478 501 565 1694
541 474 665 554 Tuum
695 481 883 580 ingenium
915 495 1051 558 natura·
1068 479 1267 570 vividum,
1300 481 1437 561 florens
1459 497 1586 572 aetate,
1628 483 1949 562 exercitatiombun

394 567 497 644 Mm-
541 595 799 674 mathematicis
819 598 995 676 excolitur
1017 624 1031 673 :·
1058 598 1171 686 mihi,
1198 597 1228 674 sn
1245 623 1314 700 qua
1336 617 1473 680 naturae
1488 604 1548 678 vis,
1564 601 1652 690 fuit,
1675 617 1839 704 tempore
1864 601 1948 700 plu-

543 714 679 792 rimum
701 718 890 796 imminuta
913 717 983 802 est,
1018 717 1055 798 &
1078 715 1178 816 quod
1198 717 1300 795 restat
1326 717 1399 796 sere
1418 719 1489 796 alio
1505 721 1596 795 verti
1616 716 1732 796 debet.
1794 716 1832 796 Si
1856 718 1949 819 quid

545 843 692 918 tamen,
726 835 780 908 uti
810 855 1018 920 memoras,
1059 833 1203 932 pristina
1234 857 1314 910 mea
1343 835 1456 914 studia
1484 833 1601 911 Vobis
1631 835 1832 934 prosuere;
1871 857 1947 934 ego

544 945 728 1034 vicissim,
763 947 858 1053 quast
886 951 963 1045 jure
993 950 1151 1049 quodam
1181 950 1332 1050 postulo
1356 967 1398 1030 ut
1426 951 1560 1028 Vestris
1589 951 1763 1052 praeclaris
1790 955 1961 1029 inventia.¹

542 1061 615 1140 frui
645 1063 779 1154 detur,
821 1064 882 1144 etfi
918 1081 1062 1166 praeter·
1082 1065 1207 1144 finceri
1245 1071 1360 1146 animi·
1391 1069 1491 1148 laetos
1522 1058 1662 1170 plausus
1690 1069 1851 1170 praestare
1882 1071 1949 1148 vix·

544 1182 738 1280 quicquam
767 1183 840 1284 ipse
876 1182 1013 1283 polsmr.
1977 1209 1979 1212 ·

603 1297 772 1396 Cogitavi
801 1301 993 1402 aliquando
1024 1325 1089 1377 me
1113 1315 1305 1402 uteunque·
1328 1303 1508 1381 absolvere
1537 1303 1592 1381 his
1622 1302 1754 1392 studiis,
1787 1301 1941 1398 conscri-

540 1429 608 1514 pto
628 1413 792 1504 Libello,
826 1442 935 1518 quem
951 1410 1143 1495 Scientiaem
1166 1418 1299 1524 irpiniti
1318 1445 1395 1498 non
1419 1420 1654 1499 incommode
1675 1419 1817 1497 inscribi
1842 1417 1949 1522 poss'e·

540 1545 696 1632 putem,
730 1539 768 1612 in
799 1559 874 1636 quo
904 1535 1092 1637 superibris
1125 1535 1327 1614 Matheseor
1359 1542 1535 1640 principia
1563 1538 1819 1618 traderentur:
1863 1536 1941 1616 haec

541 1652 638 1726 enim
669 1652 802 1753 ubique
840 1653 972 1730 infiniti
1011 1649 1331 1731 considerationem
1362 1656 1585 1744 involvunt,
1630 1655 1936 1762 quemadmodum

492 1847 504 1854 ,
541 1767 783 1858 Geometria,
826 1795 905 1872 quae
943 1769 1107 1869 Al'gebrae
1137 1772 1336 1860 innititur,
1380 1771 1572 1852 Mathesrm
1597 1772 1705 1849 habet
1734 1772 1943 1871 generalem.
2008 1775 2017 1784 '

539 1892 778 1988 quantitatum
809 1887 950 1966 nonnifi
981 1885 1170 1964 finitarum
1232 1887 1359 1968 Putem
1383 1905 1526 1979 autern,
1559 1912 1637 1966 non
1664 1887 1754 1965 moli
1771 1902 1932 1977 tantum,

531 2003 599 2088 ,sed
630 2008 667 2082 δι
696 2005 814 2085 multo
846 2009 959 2103 magis
988 2007 1104 2105 pretio
1130 2003 1261 2104 Operis
1284 2005 1482 2106 plurimum
1504 2003 1745 2092 acediosum,
1778 2004 1804 2082 fi
1826 2006 1936 2083 vestra

540 2127 691 2222 egregia
713 2139 852 2222 reperta
881 2121 1136 2230 adjicerentun
1187 2119 1311 2198 Vestra
1333 2127 1431 2200 enim
1454 2149 1530 2201 non
1555 2126 1673 2201 minus
1697 2121 1773 2200 haec
1794 2123 1949 2200 metha,

539 2238 630 2327 dus,
664 2265 771 2346 quam
803 2265 882 2316 mea
912 2241 971 2316 est.
1032 2239 1155 2340 Itaque
1184 2239 1222 2313 &⁴
1251 2239 1370 2317 Tuam
1399 2235 1597 2317 &Fratris
1623 2240 1725 2326 Tui,
1759 2237 1838 2316 Viri
1863 2243 1945 2318 exi*
2012 2325 2015 2330 ,

538 2360 627 2444 mii,
660 2356 872 2440 sententiam
888 2357 1048 2458 expelto,
1111 2355 1153 2435 ln
1183 2356 1349 2438 candore:
1369 2373 1463 2436 certe
1484 2383 1568 2438 meo
1590 2357 1675 2437 faxo
1700 2380 1749 2435 ue
1768 2358 1856 2460 quid
1874 2357 1945 2436 de·-

537 2474 701 2553 lideretis.
2000 2555 2003 2560 .

599 2595 751 2673 Gaudeo
781 2618 907 2672 meam*
929 2593 1251 2691 Tetragonismum
1272 2592 1479 2691 generalem
1493 2617 1556 2693 per
1576 2605 1726 2672 motum·
1742 2595 1760 2690 (
1777 2591 1825 2700 a>
1847 2590 1939 2670 Tibi*

537 2712 871 2811 (quemadmodum
888 2709 1072 2803 intellexi)
1102 2707 1424 2787 nonmediocriter
1450 2711 1625 2810 probari:
1659 2712 1780 2788 minue
1799 2711 1848 2786 est
1865 2711 1932 2786 im·

534 2829 702 2928 peditus,
736 2831 985 2930 quamprima
1000 2826 1113 2926 specie
1137 2825 1299 2914 videtur,
1334 2827 1370 2904 &
1391 2831 1452 2904 vix
1475 2827 1693 2926 Algebraicae
1715 2826 1938 2906 Geometriae.

536 2947 868 3024 construslionibus.
893 2970 958 3044 per.
995 2945 1137 3044 regulae
1171 2943 1324 3022 mobiles
1360 2943 1526 3022 facilitate
1569 2945 1672 3020 cedit.
1733 2943 1824 3022 Usus
1853 2944 1938 3022 sum·

537 3087 645 3141 curva
666 3065 780 3164 rigida
805 3062 1078 3164 praedescripta,
1111 3077 1151 3140 ut
1164 3061 1598 3162 generalemmethodum
1617 3060 1813 3150 traderem,
1846 3085 1938 3162 nam:

535 3182 670 3282 alioqui
701 3205 892 3259 curvarum
917 3178 1158 3278 descriptrices
1178 3179 1279 3256 restae
1301 3179 1610 3284 rigidavicar-iam
1636 3202 1704 3279 pro
1721 3203 1829 3258 curva
1842 3203 1940 3279 ope-

534 3324 611 3376 ram
639 3301 810 3400 prestare
837 3293 1001 3399 possunt..
1061 3295 1104 3376 ln
1147 3297 1285 3373 eodem⁴
1307 3300 1429 3374 omnia
1459 3295 1568 3396 plano
1598 3294 1682 3374 fieri·
1717 3294 1814 3396 posse
1856 3300 1946 3394 jama.

533 3431 794 3491 annotaveram-
818 3418 855 3491 dc
880 3412 951 3520 ipse
976 3417 1014 3490 in
1037 3415 1235 3513 posteriore.
1264 3412 1390 3492 scheda
1420 3414 1502 3513 (a)
1533 3407 1638 3490 Aeta
1661 3414 1786 3492 inserta
1814 3440 1831 3490 :.
1857 3415 1935 3491 Sed·

535 3531 593 3610 rel
622 3531 708 3608 hinc
737 3531 893 3630 agnosco
924 3535 1037 3610 rema
1063 3529 1118 3610 m
1141 3547 1304 3610 accurate
1334 3529 1611 3619 confideratam,
1645 3534 1708 3632 qui
1728 3531 1826 3608 idem
1847 3555 1938 3608 mo·-

534 3651 650 3729 nuisti
711 3643 922 3727 Praeclarum
953 3653 1051 3735 erit,
1076 3647 1102 3724 fi
1132 3646 1218 3726 aliis¹
1236 3647 1480 3748 Tangentium
1514 3648 1689 3725 conversrs
1718 3663 1808 3748 aptae
1838 3671 1937 3726 con..

533 3767 740 3846 arenianes
763 3765 1105 3852 accommodentur,
1138 3764 1245 3864 quod·
1267 3789 1377 3842 nemo
1406 3765 1462 3842 Te
1485 3766 1612 3843 melius
1637 3761 1768 3866 posset:
1806 3765 1950 3843 Multa·

532 3884 654 3966 multis
684 3883 802 3966 modia
832 3881 906 3961 fieri
937 3877 1082 3988 possunt
1106 3938 1129 3971 „
1149 3881 1207 3962 sed
1239 3882 1375 3983 semper
1404 3907 1483 3986 pra:
1505 3887 1639 3964 caeteris
1667 3895 1794 3982 aptam.
1815 3885 1936 3958 ratio-¹

1813 4023 1933 4088 nem„

567 4229 636 4306 (ur)
656 4235 766 4312 Agitur
782 4227 1029 4328 deuicbediasmate
1045 4225 1325 4370 piacl-insertumast
1348 4227 1424 4290 tots
1443 4224 1657 4324 bipfiens'ann.
1678 4225 1771 4326 ¹1⁴693.
1790 4229 1932 4307 ieprmrlr..

524 4310 710 4409 pqu5.sub
729 4315 894 4408 doctarum
936 4309 1007 4405 G-si
1028 4309 1058 4371 L.
1081 4311 1319 4406 Suppementum
1338 4310 1509 4372 Geometnae
1532 4307 1737 4405 dimensonae,
1768 4309 1816 4371 seu
1836 4327 1922 4407 qena—

524 4393 812 4490 ralrssrma'oarmunr
840 4389 1116 4484 Tetragonrsmorqm
1149 4389 1267 4486 elsetlao
1290 4410 1341 4468 per
1370 4405 1510 4453 motum:
1544 4391 1739 4470 srmrltterqoer
1768 4390 1933 4470 multiplex:

524 4471 1132 4718 ‘sigillaliililal'llilll‘dill
1146 4469 1448 4636 ,Tillima
1476 4557 1559 4618 ,aa
1577 4573 1605 4635 a
1631 4568 1697 4635 52,
1722 4551 1818 4632 aaa
1843 4555 1931 4620 aa..

523 4657 583 4727 aaa·
605 4657 751 4706 emanata
981 4689 983 4702 ,
2059 4661 2070 4670 ·
