4168 5524
15 369 19 378 ’
170 317 1519 448 LEIBNiTleTBERNOULLH,Ertsa.LXXXIV.423
1569 309 1573 317 ”

231 585 232 590 i
380 648 860 738 eurraoan
918 641 1220 753 narrant
1533 772 1537 778 .

161 791 1456 984 ‘Lt1uu1‘s11nuaeuuoutttuut.
1531 971 1535 978 ‚

429 1085 700 1230 Responsio
743 1069 807 1193 ad
846 1081 1226 1230 praecedentem.
1311 1067 1312 1070 Ὺ

334 1343 386 1411 De
407 1339 549 1434 inputo,
576 1341 707 1410 Natura
735 1341 878 1430 corporis
906 1331 952 1421 ἓξ
973 1333 1173 1408 Monadibus.
1202 1342 1329 1430 Varia.¹
1485 1405 1488 1410 .

249 1559 256 1568 ·
304 1607 319 1630 .,
373 1527 450 1618 Vir
480 1491 773 1618 Celeberrime!
803 1526 944 1614 Fautor
986 1523 1320 1618 Honoratillrmel

241 1749 315 1832 Um
347 1749 503 1830 Domini
532 1749 604 1828 Vo
617 1745 768 1828 uirum
803 1749 950 1850 epistola
970 1745 1061 1826 Tibi
1078 1748 1205 1850 scripta
1231 1775 1323 1852 pene
1352 1753 1458 1830 unice
1481 1749 1526 1828 ad
1581 1757 1677 1839 1698

156 1966 158 1972 Ι
272 1893 351 1946 mea
372 1873 566 1969 pertineat,
599 1867 788 1946 consilium
817 1867 941 1946 Tuum
966 1865 1103 1946 secutus
1127 1866 1199 1967 ipse
1224 1869 1400 1971 respondi.
1453 1868 1528 1946 Ve-
1587 1853 1672 1926 ΒΨ*

137 2010 219 2060 reor
240 2003 361 2063 tamen
384 2011 430 2062 ne
450 1988 557 2064 nimis
579 1983 740 2084 prolixe3
771 1983 831 2060 sed
859 1984 983 2062 malim
1008 1987 1046 2060 in
1070 1983 1163 2061 hanc
1183 1999 1333 2085 partem,
1351 2009 1525 2088 peccare,

139 2103 176 2176 dt
196 2102 431 2180 contrahendi
449 2107 567 2182 otium
589 2125 666 2178 non
684 2101 771 2179 suit¹
824 2098 934 2200 Rogo
950 2115 1071 2180 autem
1082 2117 1123 2180 ut
1131 2101 1397 2204 responsionem
1412 2127 1529 2206 meana

138 2220 373 2309 transmittas,
406 2223 444 2296 da
470 2221 534 2300 ubi
562 2243 642 2296 eam
665 2218 804 2296 firmare
818 2231 840 2306 ,'
862 2219 1057 2308 illustrare,
1087 2223 1164 2295 irno
1189 2223 1225 2297 dc
1247 2225 1426 2322 corrigere
1436 2243 1532 2324 opus

138 2337 340 2424 ridebitur,
373 2337 411 2415 id
429 2361 474 2414 ne
497 2339 652 2415 omittas.
682 2335 794 2412 Nunc
815 2333 860 2410 ad
881 2335 977 2412 Tuas
997 2341 1124 2422 venio,
1155 2339 1220 2414 ubi
1240 2360 1356 2438 cogor
1376 2335 1535 2416 elsebre-

140 2457 240 2541 nor,
274 2478 359 2530 cunr
389 2455 565 2532 nonsatis
588 2450 633 2528 ad
656 2453 774 2528 ambas
798 2450 960 2551 suppetat
985 2465 1141 2553 tempus.

198 2567 378 2648 Hactenus
402 2572 566 2670 quaedam
590 2591 654 2669 per
684 2567 839 2646 modum
876 2567 1113 2670 hypotheseos
1156 2566 1322 2660 affirmo,
1354 2595 1434 2674 quaa
1473 2572 1562 2650 de-v

142 2673 337 2790 monstrare
347 2691 490 2786 majoris
499 2689 603 2764 molis
613 2685 727 2763 soret:
756 2683 850 2762 &stc
864 2688 1007 2762 iuterim
1021 2687 1274 2789 explicationes
1286 2689 1342 2767 vel
1352 2687 1535 2766 delinitio·

143 2827 302 2903 nespro
321 2802 682 2882 demonstrationibus
710 2799 913 2890 sufficiunt,
944 2803 1059 2880 modo
1089 2804 1326 2904 phaenomena
1344 2806 1495 2885 faveant.

203 2919 293 2998 Non
320 2934 393 2996 tarn
413 2920 496 2996 dico
524 2944 699 3020 corpora,
730 2943 809 3022 quae
851 2918 963 3020 vulgo
1014 2925 1204 3002 inanimata
1235 2939 1409 3002 uocantur
1440 2921 1463 3024 [
1494 2937 1538 3000 ut

143 3035 255 3114 filices
278 3035 302 3136 ]
325 3035 455 3113 habere
476 3039 747 3142 perceptionem
772 3037 810 3112 dt
836 3041 1038 3144 appetitum
1058 3063 1167 3138 quam
1190 3039 1269 3140 ipsis
1285 3041 1366 3119 talia
1381 3066 1459 3140 quae
1473 3041 1538 3118 ba·

124 3173 127 3179 ·
146 3154 252 3230 beant
271 3149 403 3240 inesse,
434 3169 475 3231 ut
500 3178 635 3232 vermes
645 3154 756 3230 caseo.
1524 3251 1527 3255 .

205 3269 266 3348 De
290 3265 526 3348 Infinitefimis
549 3297 604 3348 res
632 3273 707 3350 buc
723 3271 835 3360 redit,
867 3281 909 3350 ut
928 3273 1103 3372 probetur
1124 3271 1200 3350 haec
1227 3295 1337 3375 quarn
1368 3273 1535 3370 adhibes,

80 3529 86 3544 ἢ
146 3435 347 3538 propofitio
378 3462 387 3512 ε
419 3435 455 3514 Si
473 3437 602 3514 infiniti
624 3459 776 3515 numero
799 3436 879 3515 sunt
904 3441 1047 3530 termini
1072 3441 1110 3514 in
1128 3436 1236 3527 serie,
1269 3453 1311 3518 ut
1374 3405 1453 3577 ''i''
1486 3415 1538 3594 ἐξ,

149 3617 235 3796 {a
264 3615 424 3785 {gilae
451 3650 566 3764 existit
584 3651 842 3730 inlinitelimus.
900 3652 1008 3749 Quid
1024 3657 1142 3742 enim,
1173 3653 1199 3730 sr
1232 3655 1383 3755 quilibet
1411 3679 1556 3733 eorum·

151 3815 193 3891 srt
215 3813 354 3906 finitus,
372 3819 426 3894 1&
454 3815 647 3917 affignabili
678 3817 949 3898 intervallorum
978 3845 1131 3900 numero
1167 3823 1294 3898 distans
1333 3847 1352 3900 a
1382 3781 1503 3928 primo
1524 3795 1557 3902 ’ἶΣ

153 3931 233 4010 Nec
252 3935 358 4012 video
382 3937 469 4038 quid
495 3938 667 4036 impediat
694 3941 840 4037 concipi
857 3937 979 4014 seriem
1001 3937 1192 4016 conflatam
1215 3965 1291 4016 non
1314 3940 1380 4016 nist
1408 3935 1556 4030 exten,

15 4141 19 4148 ,
154 4053 261 4126 minis
285 4054 533 4151 magnitudine
555 4051 683 4140 finitis,
715 4053 773 4130 sed
791 4079 945 4133 numero
968 4053 1123 4132 infinitis.

213 4167 321 4248 Reae
342 4169 496 4270 judicas,
529 4170 699 4282 passivum
720 4172 763 4248 ab
790 4171 905 4249 adito
929 4172 966 4248 in
985 4177 1151 4276 creaturis
1175 4198 1360 4278 nunquam
1385 4179 1461 4258 aslu
1494 4177 1547 4256 se-

155 4286 318 4381 junctum
336 4285 426 4383 elle3
458 4287 545 4388 quid
566 4289 668 4369 Deus
691 4293 870 4392 potuerit,
904 4281 1051 4368 delinire
1082 4316 1168 4369 non.
1189 4277 1308 4373 ausim.
1367 4295 1545 4373 Palsrvum
1626 4317 1628 4324 '

156 4401 300 4491 solum,
332 4406 559 4491 &vatatam
590 4407 720 4486 finon
745 4423 909 4510 pugnant
939 4433 1024 4488 cunt
1056 4407 1162 4510 ipsius
1200 4413 1383 4514 potentia,
1425 4411 1548 4488 saltem

1409 4553 1551 4629 pugna-
