4292 5530
554 341 601 418 52
746 327 1250 416 conmitterent
1293 323 1815 410 EPISTOLICUM,

938 681 1425 774 tarracon
1492 679 1582 770 aa

570 911 1162 1016 rannoutrrr
1213 905 1941 1036 Antaronrrtum

705 1147 780 1326 f·
856 1163 1128 1310 Responsio
1170 1161 1239 1270 ad'
1274 1158 1656 1327 praecedcntcm.

550 1445 602 1514 De
621 1433 759 1527 consenfirv
780 1442 863 1508 inter
882 1437 1042 1530 potestates
1073 1430 1121 1521 Ed
1139 1431 1351 1526 dfferauiar,
1383 1451 1477 1527 atque
1497 1427 1570 1506 inde
1592 1427 1806 1528 prontouendo
1831 1431 1949 1505 Calculo

599 1537 753 1630 integrali.
806 1541 857 1608 De
878 1533 1103 1625 coefficimtibau
1129 1540 1284 1606 minorrun
1301 1535 1490 1629 potelinrun‘
1517 1531 1715 1606 inveniendis.
1770 1535 1820 1604 De
1842 1537 1952 1604 Coo-vis

598 1641 727 1707 maximi
750 1633 804 1705 vel
820 1641 947 1706 vminimi
963 1637 1109 1729 potqsare
1134 1632 1351 1727 gandentibru.
1405 1639 1455 1708 De
1477 1638 1620 1706 maximis
1641 1637 1874 1717 nominatorum,
1900 1629 1951 1701 vei

594 1740 728 1806 minimrs
754 1739 962 1806 minimorum.
1017 1739 1066 1806 De
1095 1739 1238 1804 maximis
1272 1737 1417 1804 numeris.
1471 1737 1522 1806 De
1556 1728 1703 1826 regreffiu
1720 1732 1845 1826 poncio.
1902 1735 1950 1802 Da

578 1829 701 1904 'nervis
726 1831 1005 1922 tranfiendentibns
1024 1850 1086 1926 per
1114 1833 1232 1924 poena
1259 1829 1466 1923 describendis.
1522 1837 1571 1904 De
1599 1830 1866 1924 quadrantrarum
1892 1853 1952 1898 nn-
2013 1864 2030 1895 a

595 1927 689 2003 rhodo
719 1931 902 2024 Craigiann.
958 1937 1009 2002 De
1035 1929 1150 2020 osordis'
1179 1955 1360 2006 novarien.
1412 1937 1464 2004 Da
1483 1929 1647 2023 dynamica
1670 1925 1715 2018 ἓξ
1741 1927 1861 2002 uiribus
1886 1952 1952 2002 cot·

589 2047 714 2126 ponon.
767 2035 819 2102 De
847 2027 1029 2122 Profeffiotn
1051 2025 1296 2124 Groningensr..
1503 2037 1507 2045 '
1995 2057 1999 2064 ·

616 2236 696 2332 Vn
727 2235 994 2332 Celebenime
1024 2216 1064 2330 d
1095 2237 1335 2362 Ampliflinte
1365 2239 1507 2334 Fautor
1537 2238 1869 2332 Honoratiffiinec,

391 2492 490 2574 1695·
598 2565 601 2572 Δ
667 2487 853 2598 Esontione
881 2497 1036 2599 responsl
1062 2495 1153 2574 nihil
1173 2495 1291 2575 adhuc
1316 2499 1458 2599 accepi,
1491 2495 1551 2575 sed
1575 2519 1660 2575 cum
1691 2517 1737 2571 ex
1759 2495 1945 2595 postremis

404 2589 497 2684 sun*
673 2617 763 2697 Tuis
790 2615 998 2695 Dominum
1019 2608 1196 2692 Abbasem
1222 2613 1513 2696 Botsorrurn
1547 2625 1736 2690 mortuum
1765 2612 1949 2690 intellexa

546 2733 641 2832 rim,
675 2733 827 2836 amplius
853 2734 949 2813 haud
979 2732 1188 2810 sollicitab0.
1249 2729 1353 2827 Quid
1373 2731 1424 2810 .Ρ.’
1458 2729 1596 2810 Horon
1630 2727 1841 2831 rescripserit
1876 2727 1946 2828 ipse

547 2848 666 2929 videas
692 2877 737 2930 ex
754 2852 926 2952 adjunctis
948 2850 1043 2928 hisce
1064 2851 1109 2928 ad
1121 2849 1364 2950 Bibliopolam
1378 2853 1548 2927 exaratis:
1582 2846 1640 2926 Est
1661 2863 1703 2924 ut
1720 2852 1854 2947 opinor
1872 2846 1945 2947 spe·

549 2965 664 3049 ciosus
678 2985 891 3072 praetextus,
925 2971 1167 3071 quopetitum
1184 2967 1309 3047 Tuum
1321 2967 1468 3046 honeste
1487 2966 1664 3062 declinet3
1680 2967 1854 3067 quoniam
1874 2963 1947 3042 sor-

548 3087 608 3162 san
634 3109 679 3166 cx
703 3085 925 3168 Bibliotheca
943 3086 995 3165 sui
1016 3086 1188 3189 Principis
1207 3085 1484 3187 descriptionem
1510 3084 1709 3163 concedere
1735 3107 1811 3161 non
1826 3083 1949 3164 audet..

401 3217 412 3233 ·
547 3202 671 3282 Doleo
702 3204 782 3284 sane
809 3209 928 3284 vicem
955 3227 1097 3293 meam,
1138 3205 1241 3305 quod
1274 3229 1354 3282 mea
1383 3206 1473 3283 Tuis
1500 3201 1706 3281 commodis
1733 3200 1943 3280 inserviendi

546 3323 800 3423 promptitudo
817 3347 896 3401 non
924 3345 970 3400 ex
991 3337 1081 3400 voto
1110 3319 1268 3417 cesserit3
1297 3325 1436 3422 optime
1467 3323 1571 3409 sacis,
1594 3319 1835 3399 invaletudini
1857 3317 1948 3398 Tua.

549 3437 723 3515 consulis:
755 3437 857 3518 Deus
879 3440 940 3518 det
957 3454 1000 3518 ut
1025 3443 1148 3517 onmia
1164 3439 1331 3541 prospere
1361 3440 1499 3516 cedant.

606 3553 711 3633 Nihil
736 3555 930 3653 elegantius
952 3559 1002 3636 est
1021 3583 1140 3660 quam.
1154 3556 1342 3636 consensus
1368 3581 1477 3660 quern
1496 3555 1685 3634 observasti
1706 3556 1800 3633 inter
1819 3579 1954 3635 nume--

546 3695 606 3748 ros
626 3673 877 3772 potestatuma
902 3676 1067 3754 binomio
1090 3677 1128 3752 dr
1149 3673 1430 3752 differentiarum
1454 3673 1662 3774 reitangulo
1678 3701 1698 3750 ε.
1719 3672 1816 3752 haud
1835 3674 1941 3752 dubie

546 3788 821 3890 aliquidarcani
846 3791 982 3872 subestt
1031 3791 1212 3870 Nondum
1239 3792 1317 3870 satis
1339 3793 1474 3868 vacavit
1500 3795 1701 3869 examinare
1723 3814 1769 3868 an
1782 3791 1870 3892 quid
1889 3793 1942 3866 in-
2051 3821 2056 3830 ·

546 3905 591 3982 de
612 3929 681 4006 pro
705 3907 1003 3988 summationibus
1018 3909 1098 3987 elici
1119 3907 1233 4011 possit.
1294 3905 1449 3986 Videtur
1467 3924 1589 3986 tamen
1611 3911 1845 4008 quantitatem
1858 3931 1945 4009 pro-

543 4022 695 4123 positam
731 4023 1011 4106 differentialem.
1037 4025 1187 4127 cujusvis
1218 4025 1349 4129 gradus
1375 4026 1545 4104 summari
1567 4023 1691 4127 posse,
1718 4029 1939 4126 comprimo

545 4139 846 4230 differentiando,
879 4147 917 4220 &
938 4143 1023 4222 dein
1044 4144 1219 4223 sumendo
1251 4146 1393 4222 tertiam
1416 4138 1728 4243 proportionalem
1748 4143 1855 4242 hujus
1872 4163 1938 4220 no-

544 4281 597 4334 vae
618 4261 822 4358 quantitatis
845 4257 1086 4336 differentialis
1107 4261 1153 4338 ad
1180 4260 1450 4339 differentialern
1468 4259 1709 4363 propofitanr,
1743 4259 1951 4338 considera-⁴

543 4376 588 4452 tis
607 4378 751 4453 interim
769 4373 814 4465 d,
848 4371 917 4468 d‘,
935 4373 1006 4465 ιθ,
1038 4372 1107 4465 d⁴,
1129 4375 1197 4452 &c
1222 4391 1394 4479 tanquam
1422 4381 1676 4482 quantitatibus
1701 4377 1934 4478 algebra'r'cic,

545 4493 592 4576 dc.
606 4508 752 4578 nonut.
764 4493 890 4576 litteris
913 4491 1171 4582 tantummodo
1191 4495 1467 4590 caratteristicis..
1519 4497 1602 4594 Sic,
1630 4495 1787 4604 exempli
1805 4497 1937 4600 gratia3

583 4633 587 4642 ·
1838 4614 1950 4700 tertia:
