4266 5534
540 307 610 384 142
666 323 680 392 .·
733 231 1241 376 co'rrrrrrc'ruu
1287 277 1819 380 rrrrrorrcun,·

396 452 492 534 1696
535 447 628 538 mei,
663 456 705 528 ut
726 443 797 536 ais,
829 441 1068 524 imitationem
1089 435 1284 533 fabricato,
1318 447 1420 547 quod
1444 461 1564 527 tamen
1591 447 1709 528 rursus
1732 445 1937 550 longissime

391 545 494 622 Mart.
535 571 579 652 ab
591 564 791 646 imitatione
810 567 883 663 ejus
904 564 1001 640 abest
1016 585 1028 656 ;
1045 575 1088 640 ut
1107 559 1179 664 ipse
1200 560 1303 642 facile
1325 563 1536 670 perspicies,
1556 565 1726 655 Ducato,
1753 567 1932 657 Thalero,

536 690 574 766 δι
600 683 822 764 semithalero
840 678 1041 762 substitutis.
1102 676 1222 758 Placet
1239 695 1358 760 tamen
1379 683 1453 761 hoc
1475 708 1624 787 quoque
1658 686 1861 786 argumenti
1892 685 1943 762 fi..

535 805 737 886 mulacrum
767 801 976 905 expendere.
1017 797 1072 874 ι’.
1105 796 1209 876 Atlio
1231 798 1362 878 faciens
1384 801 1560 905 duplum,
1593 817 1759 909 tempore
1780 801 1931 907 simplo,

536 925 587 1002 est
609 920 732 1026 smrpla
762 918 958 998 formaliter
982 913 1130 994 allionis
1158 913 1316 996 facientis
1341 917 1439 996 idersr
1463 919 1638 1024 dupltun‚
1671 935 1836 1025 tempore
1868 920 1935 998 du-

536 1043 611 1148 plo,
647 1040 706 1117 2⁹.
739 1035 841 1116 Attio
864 1033 994 1114 faciens
1012 1031 1187 1140 duplum,
1220 1048 1386 1137 tempore
1401 1036 1540 1141 duplo,
1574 1040 1625 1116 est
1643 1037 1752 1142 dupla
1775 1037 1935 1116 formali-

537 1175 591 1238 ter
613 1153 759 1234 aslionis
785 1152 944 1234 facientis
963 1151 1157 1256 snnplum‚
1191 1167 1355 1256 ternpore
1375 1153 1513 1259 fimplo.
1555 1152 1655 1256 Ergo
1680 1156 1737 1245 3⁰.
1768 1151 1873 1257 Atlio
1887 1154 1936 1232 fa-

539 1275 635 1354 ciens
650 1272 823 1376 duplum‚
858 1285 1021 1376 tempore
1051 1269 1201 1372 sumile,
1222 1272 1271 1347 est
1286 1269 1395 1374 dupla
1411 1269 1557 1350 astionis
1576 1271 1735 1350 facientis
1753 1270 1931 1374 simplum,

539 1410 704 1498 tempore
730 1389 867 1494 simplo.
929 1388 1072 1466 Videris
1096 1386 1144 1466 ita
1165 1387 1287 1491 loqui,
1320 1412 1361 1470 ac
1382 1387 1408 1466 fi
1427 1387 1690 1494 propositiones
1713 1385 1775 1466 hic
1795 1385 1934 1491 possent

540 1509 664 1588 assumi
681 1533 750 1614 pro
770 1505 915 1586 arbitrio
931 1532 942 1600 3
973 1506 1041 1596 sed‘
1054 1531 1124 1606 qua
1139 1504 1284 1583 tandem
1301 1505 1604 1585 verisimilitudine
1622 1503 1761 1584 assumis
1777 1503 1934 1609 hicprae-

540 1627 675 1708 missam
706 1623 893 1731 priorem?
922 1624 1091 1728 simplum
1120 1621 1316 1700 fomraliter
1340 1621 1427 1713 else,
1469 1623 1559 1702 nihil
1592 1621 1689 1701 aliud
1718 1624 1792 1711 est,
1827 1645 1940 1723 quarn

541 1746 675 1848 aequale
698 1742 764 1822 esse
781 1741 998 1830 formaliter,
1030 1740 1100 1816 srve
1122 1763 1349 1839 congruere,
1381 1755 1423 1821 ut
1438 1741 1611 1826 Theletus
1624 1743 1663 1819 δε
1676 1740 1752 1818 duo
1773 1735 1937 1817 semitha·

542 1863 620 1944 leri.
680 1863 841 1942 Tantrun
862 1875 980 1940 autem
998 1858 1113 1946 abest,
1147 1872 1189 1936 ut
1207 1858 1428 1962 percursioni
1458 1860 1616 1938 duorum
1633 1853 1865 1945 milliarirnn,
1884 1856 1938 1933 in·

438 2055 452 2078 ,
541 1998 595 2061 tra
618 1981 768 2070 horam,
801 1991 963 2081 aequetur
979 1975 1180 2054 ‘formaliter
1201 1978 1382 2081 percursio
1410 1977 1568 2056 duorum
1593 1975 1821 2062 nrillianum,
1845 1971 1937 2052 intra

542 2101 628 2180 duas
651 2099 779 2190 horas,
813 2112 855 2176 ut
878 2121 924 2174 ne
952 2093 1148 2172 virtualiter
1168 2095 1334 2200 quidem,
1365 2097 1427 2174 seu
1448 2093 1708 2184 aestimatione,
1749 2106 1935 2196 aequetur3

543 2218 622 2320 quis
653 2221 750 2298 enim
777 2215 943 2304 dubitet,
983 2214 1072 2317 quin
1099 2213 1180 2318 plus
1211 2213 1279 2302 srt,
1312 2212 1410 2293 idern
1434 2214 1623 2302 uelocius,
1667 2235 1776 2315 quam
1804 2211 1939 2289 tardius

543 2337 741 2444 peragere?
770 2332 918 2441 Interim
936 2332 1056 2418 mirari
1085 2332 1178 2412 subit
1203 2331 1332 2413 mentis
1361 2331 1526 2416 hunianae
1551 2329 1810 2410 conditionem
1872 2326 1939 2410 His

544 2451 689 2532 duobus
711 2451 916 2542 vocabulis,
949 2448 1144 2532 virtualiter
1172 2452 1209 2526 &
1227 2449 1445 2539 formaliter,
1477 2477 1558 2553 quae
1576 2448 1743 2528 omittere
1759 2463 1936 2552 poteram,

528 2569 706 2670 saterris,
739 2585 854 2654 toturn
875 2559 1048 2674 epud‘Te
1065 2566 1268 2670 argumenti
1302 2565 1377 2645 vim
1395 2567 1563 2674 corrupi,
1595 2583 1638 2648 ut
1650 2594 1675 2645 a
1692 2591 1730 2646 re
1746 2565 1820 2671 ipe
1841 2591 1942 2643 aver·

543 2689 600 2766 sus
613 2699 635 2777 ,“
657 2713 798 2789 ageres,
832 2690 933 2799 quod
962 2681 1064 2768 Galli
1085 2711 1162 2766 non
1186 2683 1278 2764 male
1296 2703 1449 2776 vocant,
1457 2683 1611 2796 prendre
1631 2677 1826 2788 lechaenge.
1867 2683 1938 2762 Ta-

544 2806 591 2912 lia
615 2807 721 2886 nobis
753 2804 946 2893 eveniunt,
978 2803 1055 2882 solo
1081 2803 1286 2894 attentionis
1310 2803 1460 2885 defertu.
1521 2803 1685 2890 Obviurn
1714 2801 1850 2903 aliquid
1872 2825 1940 2880 nos

543 2924 633 3029 saepe
655 2924 704 3001 ita
720 2922 913 3027 percellit,
944 2925 981 3000 δι
1000 2920 1100 3010 adse
1122 2921 1249 3012 trahit,
1282 2935 1324 3000 ut
1345 2922 1482 3024 reliqua
1503 2947 1582 3002 non
1603 2919 1755 3026 amplius
1779 2919 1940 2998 confide-

542 3067 684 3136 rernus;
716 3037 811 3142 quali
830 3043 902 3138 jam
919 3038 1060 3120 assecuti
1081 3039 1333 3147 paralogismi,
1365 3064 1475 3143 quem
1493 3043 1601 3123 nobis
1629 3039 1733 3120 facile
1755 3037 1936 3137 fingimus,

543 3159 685 3252 sedem,
717 3158 789 3248 fite
811 3157 948 3258 apricat
970 3145 1147 3248 tbiusoe,
1177 3173 1219 3238 ut
1241 3159 1347 3238 Tute·
1373 3157 1538 3261 loquelis,
1599 3155 1680 3259 Ego
1703 3155 1797 3234 nihil
1817 3153 1942 3254 magni

543 3276 753 3381 promittere
772 3277 905 3374 aulim3
935 3278 1115 3382 sperabam
1142 3293 1261 3356 tamen
1284 3300 1363 3354 reus
1385 3301 1464 3354 non
1486 3275 1564 3354 fieri
1587 3273 1814 3384 paralogismi
1840 3297 1941 3380 aper-

543 3393 682 3483 tissrmi,
714 3396 752 3470 in
781 3396 1115 3494 argumentatione,
1149 3421 1226 3474 non
1253 3392 1371 3474 obiter
1393 3395 1527 3499 elapsa,
1560 3393 1660 3474 seda
1691 3391 1939 3498 compluribus

543 3509 643 3588 annis
665 3511 901 3602 considerata,
936 3539 1045 3616 quarn
1066 3528 1235 3616 tanquam
1253 3509 1400 3611 alicujus
1417 3511 1596 3592 momenti
1610 3511 1841 3591 venditorem.
1873 3509 1940 3589 Ita-

544 3652 615 3728 que
635 3629 749 3716 sateor
772 3653 849 3708 non
871 3631 1023 3736 potuisse
1044 3655 1105 3710 me
1130 3657 1206 3712 non
1232 3629 1335 3708 valde
1354 3630 1474 3710 mirari
1497 3629 1718 3739 praecipitem
1732 3627 1940 3707 sententiam

541 3760 664 3834 tuam,
699 3750 735 3823 &
757 3763 850 3851 puto
876 3750 1069 3830 onndorem
1092 3749 1132 3826 in
1153 3747 1340 3828 monendo
1371 3773 1495 3826 meum
1528 3749 1614 3828 Tibi
1646 3773 1723 3826 non
1759 3745 1940 3846 ingratum

543 3864 642 3959 fore3
673 3865 756 3966 quia
774 3865 870 3944 utilis
892 3869 964 3957 est,
996 3882 1039 3944 ut
1057 3865 1208 3946 attentio
1231 3863 1428 3954 excitetur,
1461 3891 1508 3944 ne
1530 3882 1673 3972 tempus
1703 3865 1795 3944 male
1825 3865 1940 3942 collo-

544 4005 623 4061 care
646 3981 746 4058 mihi
764 4009 856 4088 opus
878 3985 943 4076 fit,
977 3985 1227 4074 defendendo,
1260 4008 1341 4086 quae
1365 3985 1452 4064 Tibi
1478 3983 1543 4088 ipfi
1574 3985 1809 4085 consideranti
1837 3981 1940 4061 facile

543 4098 577 4180 sc
594 4112 762 4202 poterant
787 4105 984 4204 approbare
1000 4131 1012 4200 3
1044 4129 1130 4183 cunr
1146 4130 1206 4182 me
1223 4102 1358 4210 aequius
1376 4101 1418 4180 fit
1440 4104 1480 4180 in
1496 4100 1551 4179 his
1575 4097 1757 4181 sublevari
1806 4099 1941 4201 Majori

544 4216 659 4318 specie
680 4218 822 4321 opponi
843 4233 1008 4320 poterat,
1036 4222 1113 4325 pari
1134 4227 1212 4325 jure
1231 4245 1307 4325 quo
1343 4245 1415 4322 ego
1439 4217 1574 4302 assrunfi
1598 4221 1691 4299 hanc
1722 4216 1941 4323 propositio·

546 4359 659 4423 nem,‘
685 4337 797 4414 Assio
808 4332 957 4440 ficiens
980 4335 1149 4442 duplum,
1171 4359 1322 4442 tempore
1338 4335 1485 4442 βωμία,
1512 4336 1564 4439 est
1582 4335 1691 4442 dupla
1710 4337 1860 4412 actionis
1870 4330 1940 4435 ft-

544 4455 669 4536 cr'rntr‘s
684 4453 857 4563 *duplum
888 4472 1038 4562 tempore
1055 4451 1181 4564 diple,
1212 4453 1365 4566 potuisse
1383 4454 1507 4540 alstani
1524 4456 1638 4539 hanc:
1670 4449 1781 4540 Aeto
1792 4449 1939 4558 fhciens

715 4619 717 4626 ·
1204 4583 1222 4648 3.
1483 4629 1488 4638 -
1794 4563 1937 4678 duplum
