4292 5530
561 290 609 370 se
692 279 1801 382 conuenerunaarnuortcum

408 439 507 520 1695
557 456 661 521 rum,
693 455 740 510 an
764 454 852 510 uero
876 452 1075 533 corporum
1104 429 1295 534 equalium
1315 455 1509 510 numerum
1541 430 1692 509 eandem
1729 433 1959 514 velocitatem

415 531 491 633 Jul.
556 552 768 647 nallorum;
802 549 982 628 fiscilioet
1005 564 1123 628 tantus
1150 549 1191 628 fit
1221 549 1404 638 ascensus,
1438 564 1479 628 ut
1499 549 1643 651 praecise
1663 549 1764 627 illam
1789 552 1958 630 velocita-

551 684 627 752 tem
654 659 865 770 producere
891 665 1004 768 poffit.
1066 666 1175 746 Unde
1206 667 1419 768 intelligitur
1456 665 1554 768 polle
1581 690 1649 745 nos
1676 682 1758 746 tuto
1787 669 1955 774 adhibere

543 791 718 889 ,gravium
745 789 1031 874 aestimationem,
1063 775 1108 864 ad
1128 785 1367 864 aestimandam
1391 787 1627 886 potentiam,
1665 781 1725 864 Est
1745 769 1866 864 autem
1877 812 1955 885 gra-

545 907 669 981 uitatis
689 901 923 981 consideratio
947 903 1096 1004 pulchre
1121 919 1202 1004 apta
1233 904 1278 980 ad
1295 901 1389 980 hanc
1412 903 1711 996 aestimationem
1742 907 1826 1004 quia
1842 903 1955 980 inho-

546 1046 747 1120 mogeneas
776 1036 892 1123 partes
921 1019 1207 1100 commodissime
1233 1019 1346 1097 dividi
1372 1021 1499 1121 potest„
1532 1019 1646 1120 Finge
1670 1018 1802 1097 scillcet
1825 1019 1955 1098 Beon-

553 1139 690 1220 sumere
708 1143 909 1242 potentiam
927 1139 1025 1218 suam
1044 1137 1262 1220 incurrendo
1287 1140 1326 1214 in
1353 1136 1439 1216 duas
1461 1139 1611 1237 perticas
1636 1153 1663 1213 n
1693 1138 1730 1213 ἃ
1759 1169 1810 1238 μ,
1835 1137 1894 1214 sed
1922 1139 1955 1218 C

546 1259 771 1340 :incurrendo
790 1273 931 1335 tantum
958 1261 996 1334 in
1015 1281 1126 1336 unam
1149 1273 1195 1344 n,
1228 1257 1355 1354 utique
1377 1253 1487 1354 dupla
1510 1257 1577 1331 erit
1601 1257 1762 1355 potentia
1779 1253 1884 1354 ipsius
1901 1255 1950 1343 B,

553 1389 589 1452 at
614 1379 777 1474 potentia
802 1373 908 1475 ipsius
935 1375 967 1455 C
991 1377 1057 1452 erit
1082 1387 1222 1451 tantum
1244 1369 1377 1472 srmpla
1440 1369 1538 1449 Hinc
1568 1387 1665 1472 patet
1687 1375 1952 1474 potentiamip-

552 1492 621 1569 saus
641 1491 692 1580 B,
726 1518 805 1594 quae
827 1493 939 1572 elevat
953 1493 1038 1570 duas
1063 1491 1168 1568 libras
1193 1489 1281 1570 L&
1305 1488 1375 1577 M,
1408 1489 1452 1566 ad
1471 1489 1697 1567 altitudinem
1707 1490 1813 1567 unius
1830 1490 1950 1590 pedis,

548 1609 579 1685 ‚si
599 1609 690 1708 (Ι.)
719 1611 775 1686 vel
796 1610 906 1708 (Μ)
936 1633 1113 1710 ponamus
1133 1606 1251 1708 pedali
1272 1605 1460 1686 altitudine
1495 1604 1561 1686 else
1590 1605 1693 1708 super
1719 1605 1952 1684 horizontem

551 1725 665 1815 LM,
698 1725 765 1804 else
796 1728 944 1828 duplam
969 1728 1141 1826 potentie
1163 1722 1269 1823 ipfius
1294 1723 1347 1812 C,
1380 1748 1458 1825 quae
1484 1724 1598 1802 elevat
1615 1723 1730 1803 solum
1761 1749 1872 1802 unam
1909 1725 1954 1800 li-

552 1845 655 1922 brana
677 1844 708 1925 L
730 1845 774 1922 ad
798 1844 1025 1923 altitudinem
1046 1845 1153 1920 unius
1182 1839 1282 1940 pedis
1290 1867 1306 1935 ,3
1337 1839 1496 1922 smriliter
1524 1845 1631 1920 etiam
1654 1842 1739 1920 hinc
1761 1841 1950 1944 sequitur,

549 1965 778 2062 potentiam,
813 1985 892 2062 quae
917 1961 1035 2038 elevat
1060 1959 1186 2037 libram
1207 1957 1250 2034 ad
1276 1957 1366 2037 duos
1382 1959 1521 2059 pedes,
1554 1957 1620 2036 elle
1647 1957 1796 2060 duplam
1823 1973 1952 2060 poten-

550 2083 611 2164 ‚tiae
632 2105 712 2180 quae
739 2078 853 2156 elevat
878 2078 1006 2156 libram
1028 2076 1073 2156 ad
1092 2101 1207 2156 unum
1236 2075 1378 2176 pedem.
1440 2076 1537 2154 Nam
1560 2077 1657 2177 finge
1677 2101 1785 2178 grave
1808 2074 1864 2164 L,
1882 2077 1952 2154 ele-
2106 2147 2107 2150 .

555 2212 679 2274 vatum
698 2194 838 2275 incursu
854 2195 965 2297 -ipfius
989 2193 1074 2275 Bin
1097 2217 1268 2272 normam
1291 2207 1337 2282 λ,
1370 2193 1462 2272 tradi
1481 2197 1521 2271 in
1536 2193 1638 2292 (L)
1658 2193 1722 2295 ipfi
1742 2217 1880 2272 normae
1897 2225 1948 2292 μ,
2108 2265 2109 2306 ,

550 2313 651 2418 sacili
684 2311 837 2413 quadam
874 2315 1103 2391 connexione
1138 2311 1197 2392 seu
1236 2309 1524 2399 machinatione,
1561 2325 1603 2390 ut
1635 2316 1711 2411 ejus
1741 2335 1813 2414 ope
1835 2311 1952 2392 rursus
2109 2357 2110 2390 t

555 2431 769 2510 tantundem
787 2431 943 2532 elevetur
963 2431 1028 2510 ubi
1050 2428 1078 2510 B
1103 2432 1142 2506 in
1162 2461 1195 2529 μ
1218 2430 1434 2524 incurrerit;
1464 2427 1611 2530 patetB
1644 2453 1721 2507 non
1752 2434 1872 2508 minus
1898 2433 1951 2506 in-
2110 2451 2111 2468 ¹

554 2565 694 2647 tegram
713 2548 812 2626 suam
835 2553 910 2626 vim
933 2547 1143 2628 consumere
1164 2545 1237 2623 hoc
1262 2545 1377 2624 modo
1403 2570 1513 2649 quam
1535 2560 1642 2636 ante,
1674 2547 1767 2624 nihil
1787 2551 1884 2626 enim
1899 2573 1951 2625 te-
2111 2544 2112 2556 '

553 2667 642 2754 sert,
675 2665 745 2742 sive
769 2665 890 2768 (L),
921 2665 993 2744 five
1015 2665 1081 2754 nt,
1114 2663 1158 2742 ad
1176 2662 1307 2763 pedem
1331 2662 1487 2744 secundo
1519 2665 1663 2744 incursu
1687 2665 1832 2754 elevet,
1866 2689 1950 2744 cum

554 2809 575 2862 a
602 2807 738 2860 normae
763 2783 889 2886 ipsius,
921 2780 1235 2861 machinationisve
1256 2779 1444 2860 resistentia
1462 2786 1601 2860 animus
1626 2783 1852 2864 abstrahatur.
1883 2783 1950 2862 lta-

554 2923 626 3000 que
649 2904 810 3000 potentia
829 2899 983 3003 ipfiusB
1013 2899 1234 2978 consumitur
1256 2901 1295 2975 in
1320 2897 1556 2978 elevationem
1574 2899 1679 3002 ipsius
1703 2901 1803 2980 librae
1826 2900 1871 2978 ad
1889 2925 1950 3001 pe·

554 3018 616 3095 des
646 3019 739 3096 duos
757 3044 768 3116 3
800 3021 898 3100 unde
921 3019 1076 3119 sequitur
1094 3041 1208 3122 porro
1229 3020 1336 3094 etiam
1358 3017 1515 3117 ejusdem
1537 3021 1708 3118 potentia
1746 3016 1812 3096 elle
1831 3016 1949 3098 eleva-

554 3159 592 3227 re
617 3131 745 3217 libram
764 3139 820 3221 'ad
842 3139 934 3224 duos
955 3137 1082 3238 pedes,
1115 3139 1217 3234 eujus
1242 3135 1292 3218 est
1320 3136 1457 3218 elevare
1494 3135 1580 3213 duas
1607 3135 1713 3214 libras
1742 3137 1787 3216 ad
1818 3135 1947 3236 pedem

552 3277 679 3338 uatum
1228 3301 1231 3306 -

570 3451 574 3464 ,
613 3370 694 3470 Jam
720 3379 902 3452 veniamus
923 3373 967 3450 ad
988 3371 1129 3460 clastra,
1159 3370 1222 3450 seu
1247 3371 1292 3448 atl
1310 3371 1472 3451 medium
1490 3369 1694 3468 elasticum3
1724 3371 1823 3449 vides
1839 3372 1949 3451 'facile

245 3491 249 3524 ³
372 3497 535 3575 TABJV.
557 3511 632 3588 quo
656 3491 826 3584 tendam3
857 3516 987 3590 nempe
1008 3489 1106 3590 finge
1132 3481 1246 3592 (Fig.
1265 3491 1370 3590 23.)
1400 3489 1496 3577 Ln,
1528 3489 1632 3580 Μμ,
1666 3491 1754 3578 Nu,
1788 3488 1949 3568 elseelas-

557 3621 609 3683 tra
628 3605 797 3706 aequalia,
832 3609 868 3682 ἃ
894 3606 1053 3694 similia,
1087 3605 1218 3683 eodem
1246 3604 1360 3682 modo
1383 3598 1565 3684 tendenda
1595 3606 1768 3708 procursu
1804 3607 1948 3686 mobilis

555 3721 602 3801 B:
635 3727 759 3822 ntique
787 3725 857 3819 [ex
878 3727 1057 3823 principio
1080 3721 1274 3800 aestimandi
1295 3721 1460 3825 nostro]
1482 3729 1686 3824 potentiam
1710 3723 1819 3825 ipsius
1838 3724 1866 3805 B
1889 3724 1950 3802 aes-

555 3842 771 3924 ¹timebimus
790 3865 946 3920 nunrero
981 3839 1111 3918 talium
1139 3839 1352 3917 elasttorum
1380 3843 1560 3942 aequaliter
1582 3842 1948 3931 tendendorum‚to·

553 3973 634 4034 tam
658 3959 735 4054 eJus
770 3961 1037 4056 potentiamne
1070 3957 1143 4035 hoe
1171 3979 1290 4036 unum
1324 3958 1633 4038 consumentium.
1694 3960 1798 4040 Porro
1825 3973 1948 4040 autem

559 4072 719 4170 ejusdem
748 4079 918 4173 potentiae
942 4075 1009 4152 elle
1039 4075 1208 4156 elastrum
1232 4075 1379 4178 aliquod
1413 4075 1589 4165 tendere,
1623 4079 1660 4154 δι
1687 4102 1795 4177 grave
1822 4076 1951 4180 ¹·quod

553 4191 646 4266 alam
683 4189 845 4268 attollere
866 4191 910 4272 ad
942 4193 1196 4280 altitudinem,
1230 4217 1276 4269 ex
1299 4217 1370 4293 qua
1400 4192 1529 4270 cadens
1563 4191 1602 4270 id
1634 4193 1755 4294 ipsum
1782 4195 1950 4274 elastrum¹

556 4279 603 4382 stc
633 4309 779 4385 tendere
817 4301 1055 4408 pollit3s1ve
1091 4309 1251 4406 ejusdem
1280 4306 1349 4385 else
1375 4315 1547 4409 potentiae
1594 4309 1771 4390 Elastrum
1804 4309 1951 4415 aliquod

464 4415 466 4422 ’
556 4423 746 4516 mediate,
781 4426 839 4504 vel
856 4425 1092 4516 immediate,
1126 4424 1170 4502 ad
1194 4425 1481 4512 determinatum
1506 4429 1674 4512 tensionis
1694 4429 1851 4532 gradum
1869 4453 1952 4528 pro-

1801 4546 1949 4626 ducere:
