4168 5524
185 349 1405 444 rarsrrrrrrrraaasroutrrr,ssr1sr.tmtl.
1457 371 1531 448 415

193 505 338 586 Prorsus
366 507 486 609 probo
502 502 690 582 consilium
713 503 861 591 Tuum,
893 515 935 580 ut
961 499 1057 599 apud
1078 493 1327 606 Carrrfiaenos,
1361 515 1422 580 aut
1440 501 1535 580 limi·
1599 519 1695 596 1698

136 622 213 712 les,
244 624 478 700 abstineamus
508 623 694 698 mentione
719 622 874 698 nuteria
899 619 1025 722 primae
1052 619 1089 694 &
1115 619 1241 724 formae
1270 617 1530 709 substmtialis,
1593 609 1696 682 Nov-

137 741 299 817 contenti
316 743 503 815 mentione
516 733 630 816 massae
643 737 755 837 perse
775 736 916 824 anivae,
951 735 989 811 ἃ
1013 733 1242 825 entelechias,
1273 735 1332 816 seu
1352 737 1538 814 affinitatis

136 859 349 956 primitive,
381 858 531 943 animae,
563 857 653 930 vita

194 971 346 1072 Optime
364 975 471 1049 etiarn
489 971 592 1048 sentis
611 969 892 1071 complicatione
922 971 1054 1050 virium
1082 968 1262 1048 infitarurn
1290 971 1377 1049 oriri
1404 992 1539 1069 corpo-

63 1087 68 1098 '
136 1113 176 1165 ra
201 1092 324 1195 omnia
348 1088 572 1176 inmundo,
613 1085 682 1164 nec
703 1089 836 1167 dubito
861 1090 951 1188 quin
976 1089 1133 1164 materiae
1153 1084 1217 1186 ipsi
1242 1085 1459 1164 coaevasrnt
1484 1079 1539 1161 vi-

135 1229 215 1300 res3
248 1209 336 1306 quin
364 1207 535 1293 arbitror,
571 1207 756 1281 materiam
780 1227 845 1304 per
873 1201 994 1281 feline
1009 1204 1145 1280 viribus
1173 1201 1351 1282 subsistere
1366 1227 1443 1280 non
1457 1201 1540 1304 pos-

139 1321 182 1399 se.
224 1321 317 1400 Puto
344 1337 491 1410 umen,
524 1320 621 1399 aliud
644 1317 711 1398 else
731 1320 941 1398 entelechias
967 1321 1185 1420 primitivas,
1216 1319 1276 1398 seu
1298 1323 1408 1407 vitas,
1428 1344 1540 1420 quam

137 1442 227 1516 vires
251 1454 434 1526 mortuas,
468 1461 547 1539 quae
568 1439 606 1512 &
627 1436 784 1536 ipsaemet
804 1433 944 1514 sortasse
977 1436 1114 1536 semper
1139 1439 1307 1515 oriuntur
1344 1461 1390 1514 ert
1417 1433 1538 1530 vivier

135 1569 183 1634 ut
204 1573 372 1656 apparet,
406 1579 491 1632 cum
515 1569 664 1632 conatus
683 1554 873 1631 recedendi
902 1579 922 1630 a
947 1567 1097 1644 centro,
1130 1556 1197 1654 qui
1216 1557 1310 1629 inter
1330 1558 1422 1630 uires
1437 1577 1535 1630 mor-

137 1685 215 1749 tuas
250 1675 455 1776 computari
490 1670 626 1759 debet,
659 1673 775 1750 oritur
797 1695 844 1748 ex
873 1673 910 1747 ri
936 1673 1016 1746 vira
1043 1670 1294 1748 circulationis.
1356 1671 1404 1748 At
1428 1674 1499 1748 vita
1521 1717 1536 1759 ,

139 1789 197 1866 vel
233 1788 451 1875 entelechia,
484 1788 619 1888 aliquid
638 1789 789 1887 amplius
812 1788 885 1874 est,
917 1811 1029 1887 quam
1058 1803 1207 1865 conatus
1234 1785 1362 1888 aliquis
1386 1785 1541 1887 simplex

137 1921 326 2000 nrortuus;
357 1921 447 2006 puto
481 1907 577 1980 enim
606 1901 712 1981 inesse
744 1908 784 1982 ei
818 1906 1155 2003 &perceptionem
1184 1905 1221 1980 dc
1263 1907 1536 2003 appetitionem,

52 2081 57 2088 -
136 2021 232 2122 quali
257 2025 296 2098 in
321 2021 496 2110 animali,
526 2035 715 2123 utramque
739 2019 1017 2126 respondentem
1052 2019 1214 2121 praesenti
1247 2021 1350 2099 statui
1377 2041 1537 2120 organo·

137 2162 230 2216 rum.

194 2253 301 2334 Plane
320 2253 365 2331 ad
390 2269 550 2333 mentem
568 2279 684 2332 meam
710 2252 867 2344 disseris,
900 2257 1119 2334 mutationes
1150 2275 1229 2332 non
1262 2249 1339 2332 fieri
1371 2275 1435 2354 per
1471 2249 1537 2330 sal-
1615 2238 1628 2271 's

136 2388 225 2451 turn.
286 2371 455 2450 Preterea
481 2396 559 2449 non
591 2369 751 2461 irrideo,
782 2373 841 2449 sed
861 2372 969 2476 plane
1003 2375 1176 2474 profiteor
1200 2369 1267 2448 else
1304 2372 1468 2448 animalia
1498 2373 1538 2446 in

137 2485 305 2576 mund0,
338 2503 439 2566 tanto
457 2491 592 2586 majora
619 2491 771 2580 nostris,
804 2502 939 2590 quanto
959 2491 1077 2566 nostra
1104 2491 1186 2569 sunt
1215 2490 1349 2586 maiora
1372 2488 1440 2564 illis
1469 2489 1541 2563 mi·

136 2604 408 2703 croscopiorunr
442 2605 672 2683 animalculis.
732 2607 866 2706 Neque
894 2605 1012 2684 ullum
1043 2623 1169 2685 natura
1194 2608 1392 2682 terminum:
1421 2607 1536 2681 norit,

136 2717 184 2798 Et
211 2720 286 2797 fieri
313 2723 430 2822 potest
449 2720 620 2817 vicissim,
644 2725 723 2800 imo
744 2722 822 2801 sieri
843 2721 972 2810 debet,
1002 2739 1044 2800 ut
1068 2724 1192 2802 sintin
1222 2724 1383 2798 minimis
1406 2719 1539 2821 pulvis·

138 2837 246 2935 colis,
279 2842 356 2914 imo
378 2837 581 2927 Atomulis,
612 2837 747 2918 Mundi
768 2841 892 2918 nostro
914 2864 992 2917 uon
1012 2839 1199 2918 inferiores
1221 2835 1539 2940 pulchritudine&

138 2957 338 3048 uarietate3
380 2977 497 3055 neque
536 2958 731 3057 quicquam
760 2957 953 3058 prohibet,
987 2959 1087 3059 quod
1117 2959 1233 3056 magis
1260 2954 1393 3033 mirum
1424 2955 1541 3032 videti

137 3067 270 3170 pollit,
303 3071 466 3149 animalia
506 3075 698 3150 moriendo
725 3077 763 3152 in
799 3074 883 3151 tales
907 3075 1063 3152 mundos
1091 3074 1297 3166 transserri;
1327 3095 1401 3170 ego
1439 3073 1539 3150 eninr

138 3199 295 3268 mortem
319 3188 411 3264 nihil
435 3185 530 3265 aliud
546 3204 638 3292 puto
656 3187 742 3280 else,
758 3215 866 3294 quam
886 3193 1045 3270 animalis
1068 3189 1360 3270 contrasiionens

197 3304 418 3385 Gravitatem
438 3302 503 3380 else
527 3309 565 3381 in
587 3305 765 3406 duplicata
793 3311 932 3386 ratione
955 3313 1137 3412 reciproca
1159 3307 1423 3391 distantiarum,
1454 3325 1536 3381 mea
1608 3391 1612 3399 ,

139 3420 279 3499 dudum
299 3422 370 3500 suit
391 3420 560 3499 sententia
585 3441 666 3500 ante
688 3423 933 3502 Nrwrour
966 3451 1087 3526 opus,
1120 3429 1159 3502 in
1183 3445 1291 3525 quam
1311 3421 1440 3498 deveni
1458 3444 1541 3499 non

140 3552 281 3615 tantum
307 3536 462 3617 successu
484 3565 504 3615 a
530 3540 742 3638 posteriori,
775 3540 832 3617 sed
856 3545 964 3620 etiam
983 3547 1158 3620 rationea
1181 3541 1313 3640 priori,
1345 3561 1453 3640 quam
1470 3539 1566 3633 nri-l

140 3678 201 3732 ror
219 3652 285 3754 ipss
309 3679 387 3732 non
412 3655 717 3732 animadversam..
759 3657 903 3756 Nempe
924 3659 1157 3736 abstrahendo
1172 3662 1327 3736 animam
1349 3682 1371 3733 a
1393 3651 1539 3755 physica

139 3774 277 3848 ratione
303 3777 510 3871 gravitatis,
541 3773 794 3874 monendoque
822 3778 862 3848 in
883 3779 1043 3853 terminis
1063 3779 1222 3853 notionis
1246 3770 1536 3860 mathematicae,

139 3886 326 3965 coufidero
352 3893 588 3988 gravitatem,
621 3905 663 3968 ut
680 3891 925 3968 attradionem
941 3891 1068 3970 ranam
1087 3894 1192 3969 radiis
1220 3889 1450 3992 quibusdam,
1468 3887 1540 3966 wseu

139 4003 241 4082 lineis
260 4007 472 4110 attmstish,
504 4009 715 4086 exeuntibus
741 4022 906 4086 aceotro
928 4009 1145 4104 attrahente;
1176 4013 1322 4109 itaque,
1349 4022 1393 4085 ut·
1411 4009 1452 4082 in·
1485 4030 1540 4081 ra·
1627 4021 1629 4028 ’

140 4121 208 4197 diis
237 4119 386 4200 luminis
409 4122 593 4200 densitates
620 4123 916 4212 illuminationis,
949 4129 998 4203 ita
1029 4129 1067 4202 in
1104 4128 1334 4226 gravitatibus
1360 4123 1541 4202 attrasiio-
1643 4121 1645 4124 ’

140 4236 209 4328 nis,
239 4263 317 4316 uno
336 4242 449 4318 verbo
463 4296 475 4328 ,
506 4238 709 4320 radiationis
735 4239 919 4318 densrtates
943 4257 1047 4320 erunt
1064 4247 1105 4320 in
1122 4249 1261 4322 ratione
1288 4243 1468 4343 duplicata·
1483 4263 1539 4314 re-

142 4358 285 4453 ciproca
303 4355 545 4434 distantiarum
572 4381 592 4434 a
615 4359 784 4435 radiante.
834 4359 936 4436 Puto
961 4377 1080 4438 autem
1114 4361 1263 4438 eandem
1294 4359 1412 4457 legem
1444 4379 1542 4431 non·
1648 4424 1652 4430 .

140 4469 207 4548 nili
227 4495 294 4575 per
319 4474 449 4574 gradus
468 4477 601 4552 mutari
621 4477 945 4579 appropinquando
969 4477 1013 4568 ad
1047 4476 1228 4567 Terram,
1259 4475 1545 4664 ubiseilicetsip-

1477 4612 1543 4667 urrr
