4184 5526
509 257 632 360 “326
665 255 1257 361 &pinnarorum
1284 254 1811 361 telonaticum

407 439 524 516 1696·
556 414 839 520 quod'notabile
865 413 939 510 eth
973 420 1048 500 duo
1073 419 1149 532 hyrc
1170 407 1394 496 Problemata
1421 401 1624 498 Isoc'hronae
1649 420 1945 522 paracentrioe&

376 528 520 621 'August
555 536 745 614 breviffimi
765 537 930 639 appulsus
950 535 990 616 io
1009 534 1187 623 Circulis,
1221 533 1305 612 licet
1330 521 1527 638 uniruique
1552 537 1819 627 transcendens,
1849 543 1938 617 inter

553 651 588 730 se
599 668 720 734 tamen
742 655 875 734 habent
896 658 1165 733 connexionem
1183 651 1447 754 algebraicams
1475 652 1513 730 id
1547 653 1598 730 est
1616 677 1693 734 uno
1713 657 1940 749 coustrutio,

407 867 410 874 Ι
537 759 703 850 'alterum
732 772 929 870 algebraice
955 772 1180 849 construitur.

542 955 546 968 .
611 887 790 968 Caeterum
803 883 991 967 artificium
1010 911 1131 965 meum
1152 883 1346 964 reducendi
1364 883 1512 964 diversas
1530 886 1758 989 quadraturas
1777 886 1938 996 adunam

553 1009 794 1092 continuam,
834 1005 991 1106 agnosco
1021 1005 1081 1082 hic
1105 1005 1297 1082 limitatum
1332 999 1428 1092 elle,
1470 1005 1508 1080 rr
1536 1001 1729 1083 defiderare
1755 1021 1796 1082 nt
1827 1029 1939 1081 curvae

551 1121 745 1199 ordinatim
764 1121 940 1222 positione
964 1121 1053 1198 datae
1074 1119 1141 1197 fint
1163 1119 1290 1197 similes
1318 1122 1356 1196 δι
1377 1117 1535 1228 fimiliter
1559 1119 1702 1220 pofitae3
1733 1125 1771 1198 in
1786 1119 1864 1197 aliis
1882 1147 1938 1198 ao-

550 1253 625 1316 tem
649 1237 892 1338 occasronibus
924 1237 1194 1341 quamplurimis
1217 1261 1262 1314 eo
1284 1237 1481 1315 commode
1497 1251 1606 1327 utor,
1637 1237 1722 1315 lioet
1744 1261 1861 1315 curvae
1883 1261 1937 1313 or-

550 1353 700 1432 dinatim
723 1355 811 1431 datae
832 1379 908 1444 non
928 1355 995 1430 sint
1015 1353 1141 1430 srmiles
1160 1379 1171 1448 3
1201 1371 1243 1432 ut
1269 1357 1307 1432 in
1329 1353 1497 1454 exemplo
1530 1351 1713 1452 Ellipstum
1746 1353 1851 1453 super
1879 1379 1935 1434 eo-

549 1471 633 1548 dem
661 1495 726 1547 axe
764 1471 1041 1570 descriptarum,
1075 1473 1175 1567 cujus
1211 1475 1248 1546 in
1282 1466 1566 1570 praecedentibus
1596 1473 1685 1546 meis
1718 1473 1935 1549 mentionem

512 1655 515 1662 .
546 1591 672 1685 injeci,
696 1587 773 1675 sed,
803 1587 904 1690 quod
920 1593 1055 1675 miror,
1090 1591 1128 1664 in
1153 1585 1378 1688 responsrone
1409 1611 1486 1664 non
1514 1587 1670 1686 attingis.
1730 1587 1838 1675 lmo‚
1868 1611 1934 1694 ope

537 1701 652 1801 'hujus
676 1703 836 1791 artificii,
868 1703 969 1782 solvo
999 1703 1135 1782 infinita
1162 1705 1228 1781 alra
1255 1703 1459 1801 hujusmodi
1485 1699 1828 1792 Problematm'ubi
1846 1731 1933 1783 nun·
2066 1725 2067 1732 ’

546 1844 656 1921 quam
683 1845 799 1897 curvae
821 1819 948 1897 similes
983 1820 1237 1920 requiruntor3
1269 1819 1403 1898 horum
1435 1811 1573 1920 aliquot
1597 1821 1733 1898 curiose
1756 1819 1932 1923 perscripti

535 1961 661 2036 nuper
683 1937 849 2016 Domino
871 1937 1230 2025 Virronem,
1262 1961 1341 2037 quae
1363 1951 1545 2036 proponat
1569 1935 1637 2014 suis
1663 1937 1876 2016 Geometris.
1907 1933 1931 1982 ἦ

544 2053 652 2130 Unde
679 2049 847 2154 colligere
868 2037 1003 2153 poteris
1023 2053 1096 2131 hoc
1119 2051 1312 2132 artificium
1334 2053 1438 2130 latius
1461 2066 1606 2152 patere,
1638 2077 1706 2132 nec
1728 2053 1819 2132 adeo
1842 2053 1930 2132 limi-

526 2183 658 2247 tatum
688 2169 776 2259 else,
809 2193 917 2270 quam
936 2173 1052 2248 statim
1074 2169 1162 2248 Tibi
1180 2167 1293 2248 visum
1321 2171 1380 2246 est
1784 2173 1787 2182 ’
2068 2185 2069 2190 ‘

601 2287 646 2366 Et
666 2311 737 2388 ego
756 2287 893 2388 semper
920 2287 1039 2365 censui
1065 2285 1346 2387 persettilsrmam
1372 2285 1698 2382 transcendentium
1744 2287 1929 2392 expressio-

539 2427 625 2482 nem
653 2402 719 2481 else
744 2426 809 2506 per
842 2404 1132 2506 exponentialess
1178 2403 1237 2480 sed
1261 2403 1351 2482 milri
1383 2403 1524 2496 videtur
1546 2403 1672 2482 frustra
1689 2402 1788 2481 illam
1822 2409 1930 2504 quaerl
2069 2420 2070 2482 l

529 2523 575 2596 ‘in
597 2525 639 2597 iis
662 2545 741 2622 quae
764 2545 839 2598 non
859 2521 1063 2621 dependent
1086 2547 1106 2598 a
1128 2521 1340 2623 quadratura
1357 2517 1595 2620 Hyperbolae3
1627 2521 1726 2596 unde
1744 2523 1929 2619 imaginari

536 2660 613 2712 non
637 2635 781 2736 possum
820 2638 1011 2737 quomodo
1039 2642 1147 2714 etiam
1189 2637 1487 2736 exponentialiter
1507 2637 1668 2714 exhiberi
1691 2634 1791 2736 polle
1811 2637 1925 2725 velis,

525 2761 617 2852 'quae
636 2753 842 2853 supponunt
857 2755 1107 2854 quadraturam
1127 2753 1272 2831 Circuli
1330 2753 1510 2854 Optarem
1534 2757 1682 2832 unicum
1709 2753 1921 2852 exernplum.

492 2859 497 2878 '
533 2867 771 2948 Certissrmum
797 2887 888 2970 puto
907 2893 1054 2946 omnem
1081 2874 1315 2970 quantitatem
1333 2869 1621 2968 exponentialem
1637 2895 1664 2964 ;·
1687 2893 1799 2969 quam
1832 2893 1957 2946 voco‘

415 3061 423 3080 ,
532 2989 827 3086 percurrentem,
861 2986 924 3086 per‘
944 2985 1252 3086 Logarithmicam
1273 2989 1432 3064 construi
1460 2982 1584 3086 polse3
1616 2983 1676 3062 sed
1698 2985 1795 3063 sorte
1830 2983 1924 3063 aliud
2070 2989 2071 2997 '

531 3127 645 3202 genus
670 3106 979 3203 exponentialium
1004 3103 1135 3191 habesr
1168 3107 1270 3202 cuius
1298 3105 1509 3202 participem
1533 3113 1594 3180 me
1612 3101 1756 3192 reddas,
1790 3125 1891 3202 rogo.

588 3221 691 3300 Cedo
709 3245 862 3316 manus3.
889 3220 1078 3300 Problema
1098 3221 1185 3298 radii
1207 3245 1285 3298 non
1309 3219 1361 3298 est
1381 3219 1590 3320 plus-qum
1623 3217 1917 3307 dctermInattlm

528 3355 639 3438 prout
658 3338 828 3438 intelligis
850 3337 1012 3416 medium
1026 3339 1148 3414 variari
1170 3341 1270 3436 juxta
1290 3330 1376 3415 duas
1399 3333 1671 3420 dimensiones:
1700 3335 1779 3424 sed,
1811 3336 1918 3438 srpla-

528 3473 606 3560 cet,
639 3457 781 3534 attende
801 3454 905 3556 quod
929 3455 1042 3554 longe
1065 3449 1244 3532 difficilius
1267 3453 1310 3532 lit
1341 3453 1580 3531 determinare
1597 3451 1695 3550 leges
1720 3451 1849 3532 harum
1858 3475 1919 3529 va-

526 3575 742 3660 riationum,
777 3589 819 3652 ut
836 3571 924 3649 radii
947 3575 986 3648 in
1010 3572 1105 3649 datas
1132 3571 1239 3648 lineas
1263 3571 1456 3658 transeant,
1498 3591 1610 3670 quam
1644 3565 1850 3647 earumdem
1878 3569 1922 3645 li-

529 3711 679 3766 nearum
705 3693 865 3766 invenire
885 3712 1009 3792 curtas
1027 3690 1237 3766 normaliter
1261 3687 1435 3783 secantem
1466 3687 1565 3766 unde
1584 3688 1692 3784 gratis
1713 3685 1788 3762 hoc
1815 3709 1859 3762 ex
1877 3685 1920 3761 il-

528 3801 568 3880 lo
592 3825 779 3906 quereres.
837 3805 1009 3886 Praeterea
1029 3805 1179 3883 observo
1198 3805 1299 3906 quod
1319 3805 1537 3904 superficies,
1570 3797 1672 3878 verbi
1699 3807 1813 3902 gratia
1839 3825 1918 3878 aer-

528 3921 663 4008 ticalis,
696 3922 945 4021 repraesentans
962 3921 1126 4002 medium
1148 3925 1284 3998 variam
1310 3920 1507 3998 secundum
1528 3919 1648 3994 ambas
1667 3917 1914 4026 dimepsrones,

528 4037 567 4114 id
590 4039 639 4114 est
657 4035 853 4119 secundum
875 4039 1006 4117 restam
1034 4037 1238 4117 verticalem
1255 4039 1293 4116 tc
1314 4034 1602 4160 horizontalem.
1635 4033 1850 4138 considerari
1867 4049 1917 4111 ta-

1666 4213 1670 4220 ,
1835 4173 1919 4228 men

531 4350 534 4358 ,
564 4359 739 4422 *Videatur
756 4363 882 4448 Jiml
895 4365 941 4422 ’Ψ
958 4366 1078 4447 Sim
1100 4362 1185 4443 1697·
1211 4381 1258 4443 33·
1274 4359 1393 4438 Journal
1413 4359 1452 4426 du
1472 4367 1521 4426 26.
1543 4360 1634 4426 rouo
1656 4359 1704 4425 vel
1726 4357 1806 4445 ¹Opp.
1829 4355 1912 4422 Tonr.

525 4440 974 4524 1·N'.'.XXXlXpag,204,.
1062 4540 1068 4548 1
1296 4454 1318 4520 A·
1483 4453 1488 4464 ,
1602 4434 1730 4460 ..4.
