4292 5530
306 295 734 394 talamania?
763 288 1342 406 stititotnllllt,'l·3r1sn
1376 303 1451 380 xl
1552 319 1599 402 σς

199 447 330 536 teriori
351 441 559 535 Geometria
579 471 734 545 norunt,
759 441 831 560 qua
853 445 1200 556 ratione'tlubdlibet
1213 458 1401 560 quantuni
1417 483 1463 537 ex
1481 459 1602 538 infini-
1649 473 1741 553 1695

200 578 252 652 tis
280 573 596 662 differentialibus,
630 576 886 678 &quodlibet
918 573 1151 655 differentiales
1182 601 1228 654 ex
1254 575 1404 656 infinitis
1434 577 1531 666 aliis,
1563 580 1605 668 ba.
1663 561 1746 655 Jun.

204 693 399 794 quodlibet
425 691 559 771 hurum
590 692 745 772 aliorum
775 693 893 774 adhuc
914 715 960 770 ex
985 691 1064 771 aliis
1081 693 1249 781 infinitis,
1281 695 1319 770 &
1343 698 1392 773 ita
1420 691 1458 772 in
1484 694 1606 772 inlini·
1692 771 1695 782 ,

204 809 308 899 tuni,
332 809 808 918 componi'intelligendum
828 811 894 910 lit3
915 811 1050 914 quibus
1068 809 1318 902 consideratis,
1344 827 1440 892 certe
1458 811 1610 894 destrui--

203 939 268 1008 tur
287 931 399 1007 unico
422 927 516 1016 triu,
538 927 798 1008 Atomistarurn
817 931 978 1030 opinio.-

266 1044 357 1126 Haec
380 1046 418 1121 dt
441 1043 506 1122 alia
525 1045 674 1134 linrilia·,·
697 1071 797 1148 quar,
817 1051 856 1124 in
876 1045 1030 1126 Mathefi
1047 1045 1233 1139 abstrudis,
1258 1053 1425 1130 attentius
1448 1050 1613 1128 confide-.-

207 1165 301 1242 ranti
328 1164 581 1247 obvenerunt,
604 1163 694 1242 olirn
717 1167 824 1242 etiam
839 1165 935 1242 mihi
953 1169 1071 1244 ansam
1094 1166 1271 1247 dederunt
1291 1169 1335 1246 ad
1349 1169 1520 1271 plurimas
1533 1169 1608 1269 spe-

209 1282 407 1360 culationes
428 1278 517 1357 Tuis
540 1305 617 1357 non
635 1283 794 1360 multum
812 1281 1006 1371 absimiles,
1040 1287 1133 1362 circa
1154 1309 1276 1364 rerum
1298 1287 1445 1364 exordia
1467 1289 1504 1362 &
1523 1311 1612 1388 pro·

209 1402 375 1500 prietates
387 1422 401 1491 ;
431 1419 585 1497 quarum
604 1399 730 1500 alique
752 1398 779 1474 ss
804 1399 1093 1500 publicarentur,
1125 1403 1385 1502 procul-dubio
1406 1405 1514 1505 quarn
1529 1404 1614 1504 plu«

210 1519 310 1593 rimis
329 1539 397 1617 pro
423 1538 526 1592 mero
555 1514 633 1594 lusu
659 1519 820 1616 ingenii,
842 1541 888 1594 ne
913 1519 1030 1595 dicam
1060 1531 1127 1620 pro
1150 1519 1327 1610 ridiculis,
1359 1523 1608 1612 haberentur,

213 1659 294 1738 quae
319 1629 440 1740 t'amen
459 1636 590 1712 rationi
618 1637 884 1738 quam-optime
906 1637 1143 1716 consentanea
1167 1639 1257 1716 mihi
1277 1641 1453 1719 ridentur.
1493 1641 1609 1734 Quod

211 1775 300 1832 vero
323 1750 386 1830 sub
417 1750 529 1830 linem
561 1752 761 1832 desirium
793 1759 1024 1834 aestimatione
1052 1755 1160 1843 dicis,
1192 1757 1308 1834 fateor
1335 1757 1430 1836 Tuas
1453 1761 1612 1834 rationes·
1697 1743 1699 1746 ’

189 1895 273 1950 me
299 1869 466 1948 nondum
497 1875 731 1968 convmcere3
757 1898 835 1952 non
858 1873 973 1961 ideo,
994 1873 1104 1972 quod
1134 1876 1262 1974 opinio
1291 1875 1371 1952 Tua
1394 1875 1435 1952 fit
1466 1875 1607 1974 prorsus
1716 1917 1718 1922 ·

213 2012 332 2075 nova,
357 1989 396 2064 ἃ
421 2007 549 2068 contra
570 2015 672 2081 earn,
695 2015 774 2094 quae
795 1991 978 2092 hucusque
1002 1988 1072 2066 fuit
1094 1993 1229 2092 ubique
1261 2008 1424 2092 recepta,
1456 1995 1493 2068 &
1516 2018 1610 2070 nun-

213 2129 325 2212 quam
345 2109 384 2182 in
414 2107 531 2186 dubio
551 2107 663 2210 posita
674 2135 686 2203 3
711 2105 771 2186 sed
788 2109 873 2186 ideo
899 2107 1001 2210 quod
1027 2131 1109 2184 earn
1129 2109 1173 2186 ab
1199 2109 1325 2196 effetiu
1350 2111 1525 2208 deducas,
1547 2110 1613 2214 qui

212 2239 336 2305 tamen
362 2247 441 2302 non
458 2229 508 2306 eli
530 2241 724 2328 perpetuus
748 2229 787 2304 &
808 2227 986 2304 constans,
1046 2225 1162 2320 Quod
1187 2229 1285 2304 enim
1310 2227 1474 2329 Corpora
1493 2228 1615 2308 ascen

212 2343 270 2424 lus
296 2341 428 2420 saciant
443 2345 621 2446 quadratis
637 2343 860 2426 celeritatum
877 2343 1190 2445 proportionales,
1217 2368 1296 2422 non
1317 2346 1401 2424 ideo
1429 2350 1536 2422 etiam
1558 2349 1615 2422 vi‹

212 2487 270 2544 res
291 2475 397 2539 erunt
417 2463 456 2538 in
476 2462 544 2539 lsac
565 2463 727 2552 ratione,
759 2462 992 2540 existentibm
1008 2462 1234 2562 Corporibus
1255 2463 1473 2564 aequalibus:
1491 2462 1613 2542 ascen·-

211 2582 273 2664 sus
296 2579 434 2682 quippe
452 2579 527 2669 iiii,
543 2580 631 2662 licet
648 2578 717 2657 sint
737 2578 1011 2682 homogeneum
1033 2577 1140 2684 quid,
1165 2603 1243 2657 non
1261 2579 1344 2660 sunt
1364 2580 1524 2670 effertus,
1541 2579 1607 2658 nisi

212 2715 257 2782 ut
279 2701 329 2776 ita
352 2697 495 2788 dmm,
526 2698 784 2794 accidentalem
817 2703 881 2803 qui
911 2697 1145 2779 solummodo
1173 2697 1379 2801 dependent
1406 2725 1426 2777 a
1449 2693 1612 2800 Legibus-

213 2817 397 2923 grarimtis
428 2819 467 2892 ἀ
486 2831 608 2900 motus
636 2812 791 2896 nrateriae
819 2817 1117 2922 tartareasque
1142 2817 1278 2918 ubique
1305 2815 1465 2897 summus
1486 2841 1611 2896 return

213 2938 382 3020 Arbiter,
414 2930 442 3010 fi
464 2933 567 3014 aliter
593 2935 809 3016 constituere
831 2933 1022 3025 voluillet,
1047 2938 1154 3013 etiam
1180 2933 1346 3037 Corpora
1371 2935 1608 3015 celeritatibus

212 3055 284 3136 suis
305 3051 457 3142 iisdem,
489 3051 694 3156 &proinde
713 3054 849 3132 viribus
866 3053 1014 3142 iisdem,
1043 3053 1200 3132 lacerent
1223 3052 1380 3132 aseensus
1401 3057 1555 3132 omnino
1569 3057 1609 3128 in

215 3173 281 3254 alta
308 3174 471 3267 ratione3
501 3173 598 3250 unde
630 3172 768 3250 constat
796 3171 1003 3272 hujusmodi
1031 3170 1178 3250 effedius
1196 3195 1274 3250 non
1296 3173 1531 3260 immediate,
1571 3171 1608 3246 dr

215 3294 346 3379 unice,
375 3293 565 3390 provenire
589 3315 610 3370 a
633 3291 768 3370 uiribus
799 3289 1009 3392 Corporum
1033 3305 1253 3384 motorum3
1284 3285 1365 3390 quse'
1390 3286 1526 3390 procul,
1541 3285 1615 3376 du·-

214 3411 278 3488 bio
300 3425 493 3510 pergerent
509 3410 651 3488 moveri
677 3412 716 3486 in
742 3407 949 3497 infinitum,
972 3407 1000 3485 fr
1018 3409 1062 3485 ab
1082 3407 1154 3486 alio
1177 3409 1374 3507 peregrino
1395 3430 1473 3484 non
1494 3408 1614 3506 impe--

215 3527 402 3608 direntur:
435 3525 537 3628 quod
557 3531 678 3628 itaque
695 3526 744 3604 ad·
764 3543 899 3606 uertant
922 3541 1063 3605 rantum
1081 3524 1310 3604 altitudinem
1327 3523 1528 3613 ascendant,
1543 3545 1614 3624 po-

214 3646 286 3724 tius
304 3644 355 3724 est
382 3643 525 3724 effertus
551 3643 782 3724 retardationi
803 3648 959 3724 materiae
981 3644 1171 3722 ambientis
1195 3641 1459 3722 adscribendus,
1536 3709 1540 3723 ,

273 3761 345 3840 Sed
370 3761 461 3863 quid
484 3763 608 3840 multis
631 3786 754 3864 opus,
779 3763 877 3842 idem
907 3763 1037 3842 Tuum
1060 3775 1316 3864 argumentum
1345 3765 1385 3836 in
1419 3759 1475 3837 Te
1497 3773 1618 3837 retorae

214 3882 319 3984 queri
339 3879 482 3982 potest3
513 3901 589 3980 quo
621 3879 808 3958 ostendam
829 3885 920 3960 vires
950 3880 1160 3980 Corporum
1186 3877 1377 3980 equalium
1394 3875 1473 3954 'elle
1497 3881 1540 3954 in
1558 3901 1617 3952 ra«

213 4001 316 4076 tione
342 3997 564 4076 eeleritatum
588 3994 752 4098 ipsarum.
798 3997 1055 4097 Concipiamus
1080 4000 1177 4074 enim
1208 3995 1284 4076 duo
1313 4019 1469 4097 corpora
1497 4019 1618 4095 aequa-¹

212 4115 292 4204 lia,
323 4114 357 4194 A
380 4114 558 4194 celeritate
581 4127 624 4194 ut
649 4135 698 4204 2,
733 4101 771 4190 dt
790 4109 823 4192 Β
842 4113 1019 4192 celeritate
1040 4129 1082 4192 ut
1112 4139 1156 4202 1,
1188 4116 1348 4204 moueri,
1377 4112 1405 4190 sr
1432 4117 1483 4190 vis
1513 4113 1617 4188 hori«

54 4297 57 4308 .
211 4231 406 4312 zontaliter
423 4236 618 4326 inracu03
640 4233 677 4308 δι
700 4255 800 4314 nunc
822 4237 862 4310 in
876 4235 934 4311 via
948 4230 1052 4309 smmi
1077 4231 1261 4310 offendere
1279 4231 1444 4312 medium·
1463 4228 1616 4330 aliquod

212 4351 443 4432 uniformiter
459 4350 628 4438 denium,
663 4350 896 4434 &retardans
923 4349 1025 4453 quod
1051 4351 1327 4452 ingrediuntur3
1358 4347 1536 4450 Nunquid
1554 4367 1618 4424 cte

207 4469 370 4552 latitares
379 4468 561 4576 utriusque
574 4470 737 4572 corporis
761 4467 948 4552 mceeffive
969 4472 1260 4586 imminurmtur,
1273 4469 1310 4546 &
1327 4469 1616 4552 irnndnutioner,

1573 4603 1616 4657 m
