4184 5526
549 305 619 379 372
744 285 1827 380 commeretur!aararorrcurt,

403 446 498 525 1698
548 449 746 528 laxat10nes
775 429 1105 523 &constitutiones
1129 443 1216 516 aeris
1260 441 1486 520 ostenderet?
1526 459 1763 550 pratetquam
1805 447 1937 550 quod,

409 537 477 634 1¹¹¹·
547 583 589 647 ut
614 567 687 669 ipse
709 563 980 648 animadvertis,
1012 558 1129 634 multo
1149 557 1291 659 liquore
1317 559 1495 649 detrailo,
1531 562 1785 642 columnatum
1825 563 1936 644 altitu-

548 687 597 764 do
625 684 831 790 notabiliter
856 705 931 758 non
958 680 1144 756 minuitur.
1206 675 1290 754 Hoc
1315 701 1400 756 curn
1424 678 1602 778 legerem,
1634 683 1750 758 statim
1784 697 1937 760 mentem

541 805 675 890 subiit,
708 827 752 878 an
783 823 861 877 non
879 797 1006 876 melius
1039 799 1218 872 intentum
1250 798 1416 873 obtinere
1447 795 1588 886 liceret,
1631 823 1705 902 ope
1743 799 1936 904 phialarum

545 923 688 1025 liquore
725 917 1038 1019 serni-plenarum,
1081 913 1212 1013 quibus
1249 911 1514 1004 Bolanus,
1550 918 1589 992 ni
1634 916 1762 1005 fallor,
1806 922 1938 1018 primus

547 1041 733 1118 ostendere
757 1037 891 1114 solebat
904 1030 1117 1134 prelfionem
1135 1031 1398 1110 columnarum.
1459 1032 1511 1111 Ita
1533 1057 1622 1133 ergo
1641 1033 1768 1130 phialae
1787 1035 1939 1135 exempli

373 1208 477 1276 m
547 1162 671 1262 gratia,
689 1148 805 1258 (fig.
826 1151 923 1254 76.)
940 1165 1095 1252 quatuor
1120 1146 1176 1236 Α,
1204 1148 1252 1236 Β,
1286 1147 1341 1237 C,
1359 1149 1418 1238 D,
1441 1155 1555 1249 parati
1576 1148 1735 1252 pollent,
1754 1167 1816 1240 ut,
1842 1153 1939 1230 dolio

365 1288 471 1358 xlv.
548 1279 718 1356 existente
739 1273 870 1373 pleno,
903 1291 1029 1345 omnes
1049 1265 1215 1344 demersae
1237 1267 1411 1344 harerent
1433 1271 1471 1342 in
1497 1268 1635 1357 fondo,
1668 1269 1828 1347 detracto
1858 1293 1937 1347 vero

539 1396 705 1498 liquore,
739 1388 894 1488 exempli
916 1389 1027 1484 gratia
1051 1382 1224 1483 usquead
1254 1411 1334 1472 aa,
1367 1399 1456 1462 tunc
1479 1385 1595 1486 phiala
1623 1389 1737 1486 prima
1760 1387 1789 1465 Α
1824 1385 1939 1488 [aire

540 1519 582 1591 in
607 1511 687 1598 illa,
720 1509 771 1586 ob
794 1507 1013 1584 diminutum
1033 1501 1181 1606 pondus
1207 1501 1408 1586 columnae,
1447 1501 1480 1578 se
1505 1503 1539 1580 se
1570 1503 1795 1607 expandente
1829 1507 1874 1580 dr·
1899 1505 1938 1580 li-
2058 1555 2059 1614 r

540 1653 696 1732 quorem
723 1650 786 1726 per
806 1621 985 1702 orificium
1009 1635 1173 1718 apertum
1200 1616 1437 1720 expellente]
1467 1623 1539 1717 J'am
1576 1620 1691 1696 levior
1718 1621 1831 1709 faita,
1869 1611 1938 1700 sur-

538 1749 620 1828 sum
643 1757 804 1846 peteret,
837 1739 982 1840 reliquis
1004 1735 1059 1825 B,
1093 1736 1152 1824 C,
1182 1733 1235 1822 D,
1252 1738 1301 1810 ob
1325 1740 1535 1836 gravitatem
1558 1735 1766 1816 adhucdum
1787 1739 1938 1842 praepol-

537 1867 673 1944 lentem
699 1857 870 1938 infundo
893 1854 1143 1947 manentibus;
1174 1851 1225 1928 fin
1252 1867 1378 1930 autern·
1392 1877 1504 1952 porro
1537 1855 1657 1955 liquor
1698 1879 1745 1932 ex
1778 1856 1884 1932 dolio
1905 1882 1937 1933 e-

540 1987 742 2078 mitteretur
765 1977 811 2056 ad
829 1969 933 2061 liss,
965 1987 1054 2050 tunc
1077 1970 1106 2050 B
1129 1969 1331 2048 ascenderet
1345 1995 1357 2064 ;
1372 1968 1419 2048 fic
1431 1971 1628 2050 lubfidente
1651 1973 1695 2050 ad
1715 1999 1935 2064 arnamar·
2058 2029 2059 2044 ,

537 2116 640 2202 geret
663 2099 716 2184 C,
750 2098 787 2172 δι
811 2092 956 2172 tandem
976 2091 1041 2166 ubi
1073 2087 1120 2165 ad
1141 2077 1207 2160 elil
1231 2102 1445 2186 peruentum
1479 2087 1585 2177 ellat,
1626 2093 1850 2178 emitteretur
1883 2091 1929 2169 D.

491 2213 508 2312 J
535 2213 768 2318 R'edimpleto
783 2210 885 2290 dolio
902 2207 1035 2310 'ph'ialae
1064 2209 1101 2282 in
1122 2206 1363 2310 superioribus
1391 2209 1582 2295 natabunt,
1616 2221 1684 2283 n'ec
1707 2207 1864 2286 fundum
1879 2231 1936 2286 re·

535 2352 689 2439 petent,
722 2329 786 2408 nifi
811 2333 847 2409 vi
875 2351 922 2406 eo
951 2324 1197 2404 detrudantur.
1257 2322 1560 2406 Prommciatunrs
1602 2329 1722 2425 itaque
1757 2343 1931 2426 quantum
2058 2309 2059 2374 3

406 2543 408 2548 ,
537 2455 688 2556 liquoris
702 2465 798 2556 ¹ante
817 2445 1142 2554 redimpletionem
1169 2442 1277 2518 fuerit
1305 2457 1510 2529 exemtum,
1542 2440 1752 2542 respicerem
1790 2435 1933 2521 tantum

535 2553 584 2648 tid
609 2549 1031 2664 numerum-phialarum
1070 2563 1109 2636 in
1144 2560 1286 2637 sunmro
1325 2551 1525 2638 natantium
1536 2585 1548 2654 3
1590 2555 1757 2660 Exempli
1797 2564 1931 2660 gratia,

536 2689 594 2777 A,
625 2688 673 2775 B,
707 2687 759 2771 C,
792 2681 893 2760 unde
912 2677 1168 2786 concluderem
1188 2691 1330 2754 tantum
1351 2676 1397 2752 ad
1430 2680 1625 2754 minimum
1660 2673 1762 2756 fuiffe
1793 2677 1935 2756 exhaus-
2058 2707 2059 2712 ¹

537 2822 639 2894 tum,
661 2815 850 2905 quantum.
863 2800 1071 2876 continetur
1101 2793 1141 2872 in
1161 2794 1276 2896 spatio
1304 2815 1336 2884 ,γ
1352 2792 1422 2882 Sy,
1484 2793 1633 2872 Interim
1674 2819 1750 2896 quo
1778 2799 1934 2872 minores

536 2923 649 3002 ellent
671 2919 879 2998 differentia
899 2915 1152 3002 columnamm
1171 2935 1256 2990 curn
1276 2911 1405 3012 quibus
1425 2911 1552 3011 phiala
1582 2911 1663 2990 sunt
1686 2911 1931 3012 aequilibrare,

539 3045 578 3120 dc
600 3063 678 3142 quo
700 3036 823 3139 plures·
840 3030 948 3111 ellent
972 3031 1099 3109 talium
1118 3027 1340 3136 phialarum,
1370 3052 1418 3104 eo
1440 3032 1637 3108 accuratius
1663 3028 1809 3106 tetram
1825 3052 1936 3132 quan-

536 3164 678 3246 titatem
698 3141 883 3256 explora're
905 3147 1096 3251 pollemus.
1154 3147 1278 3226 Postea
1305 3145 1363 3222 alii
1376 3145 1480 3225 modi
1502 3147 1601 3224 idem
1623 3145 1830 3248 praestandi,
1864 3145 1935 3224 fine

534 3273 863 3384 elasticitateua‘e'ris,
894 3268 985 3354 mihi
1006 3265 1230 3355 inciderunt,
1258 3288 1279 3341 e
1302 3265 1432 3366 quibus
1446 3263 1539 3344 duos
1554 3263 1626 3344 'hic
1647 3289 1848 3366 apponam,
1873 3267 1934 3366 qui

534 3397 666 3477 effeou
685 3389 807 3471 faciles
835 3387 926 3464 mihi
954 3373 1136 3462 videntur.
1196 3375 1201 3382 ¹
1287 3463 1290 3470 ,

596 3513 761 3610 Concipe
782 3497 900 3609 (Fig.
921 3501 1025 3606 77.)
1052 3505 1383 3582 tubumrecuruum
1396 3495 1448 3589 A,
1481 3500 1526 3576 ab
1548 3514 1700 3600 utraque
1713 3511 1814 3600 parte
1830 3523 1932 3601 aper.

535 3647 636 3720 tum,
669 3630 707 3704 δι
740 3625 882 3724 liquore
903 3623 1073 3723 plenum,
1098 3623 1145 3698 ita
1167 3620 1317 3694 immitti
1337 3620 1376 3692 in
1395 3616 1537 3695 dolium
1559 3616 1729 3718 plenum,
1766 3633 1809 3696 ut
1833 3616 1931 3695 orifi-

537 3755 639 3830 cium
660 3745 772 3824 cruris
783 3741 956 3818 brevioris
976 3739 1182 3841 pertingat,
1216 3733 1372 3834 exempli
1389 3737 1527 3832 gratia,
1555 3735 1600 3812 ad
1610 3734 1833 3835 superficiem
1844 3736 1935 3818 ima-
2058 3807 2059 3844 p

536 3868 711 3968 ginariam
741 3884 830 3936 aar:
858 3861 930 3956 jam
949 3855 1047 3954 finge
1062 3851 1201 3932 detrahi
1218 3851 1353 3953 aquurd
1363 3851 1513 3952 liquoris
1535 3875 1580 3929 ex
1600 3851 1728 3947 doli03
1751 3859 1854 3952 patet'
1863 3855 1934 3930 uti·
2058 3847 2059 3896 l

537 4008 634 4086 que,
660 3979 761 4082 quod
789 3975 961 4078 quamdiu
985 3970 1165 4062 orificium
1188 3971 1299 4048 cruris
1323 3969 1496 4047 brevioris
1522 3973 1614 4048 intra
1627 3969 1809 4070 liquorem
1832 3967 1929 4059 latet,
2058 3981 2059 3986 ‘

510 4100 676 4184 r'tamdiu
705 4111 803 4172 torus
827 4097 935 4173 tubus
962 4091 1090 4196 plenus
1115 4091 1297 4176 manebit,
1330 4085 1390 4164 led
1410 4089 1526 4167 statim
1550 4113 1592 4164 ac
1608 4088 1758 4188 liquoris
1786 4085 1931 4191 superfi-

530 4215 609 4302 'cies
626 4217 717 4294 intra
736 4211 914 4290 orificium
941 4210 1001 4287 seu
1022 4213 1114 4287 intra
1137 4204 1360 4308 superficiem
1375 4203 1621 4304 imaginariam
1643 4233 1727 4293 aar,
1776 4204 1931 4283 lubfide-
2058 4261 2059 4288 ἦ

536 4344 606 4434 rit3
636 4350 724 4415 tunc
747 4332 866 4409 omnia
889 4329 1030 4430 liquor,
1056 4331 1119 4427 qui
1141 4323 1180 4401 in
1198 4325 1478 4422 enrinentiparte
1507 4325 1586 4400 tubi
1610 4325 1745 4428 artistic,
1767 4347 1928 4425 perenis

535 4459 683 4558 longius
717 4448 942 4554 descendet„
956 4455 1037 4523 aire
1060 4442 1100 4521 in
1119 4445 1194 4544 eius
1218 4442 1345 4522 locum
1371 4464 1436 4544 per
1465 4452 1544 4524 crus
1571 4444 1711 4522 brevius
1736 4441 1925 4522 succeden-
