4344 5526
581 359 636 450 'qa
737 359 741 364 ·
786 353 793 364 ·
842 345 1296 442 'comannorum
1331 337 1803 437 mammeam

383 555 386 564 .
433 529 532 612 '¹695
588 500 628 580 te
651 487 833 568 invenitur
850 487 1122 566 differentiando
1143 485 1231 588 ipsas
1248 480 1518 572 differentiales,
1542 481 1617 560 hoc
1636 485 1734 560 enim
1755 479 1871 563 modo
1896 489 1980 567 uni.

385 639 392 658 ·
447 623 540 721 April
590 627 629 688 ca
651 607 890 706 proportione
914 631 959 682 eo
991 609 1205 706 pervenitur.

647 719 800 822 Optime
823 723 976 810 notasti,
1008 723 1046 798 dr
1079 722 1155 820 ipso
1181 718 1420 801 Huoanro
1444 720 1557 808 teste,
1589 743 1655 822 per
1677 719 1833 821 quodvis
1866 747 1983 824 punc-

589 853 670 918 tum
692 835 818 919 datum
835 837 988 917 infinitas
1013 840 1098 916 duci
1118 835 1216 939 polle
1236 838 1473 925 Iiochronas,
1508 838 1529 939 (
1548 836 1601 935 3)
1619 837 1744 915 eadem
1768 837 1900 916 seilicet
1932 841 1981 916 al·

590 953 745 1038 titudine
764 953 878 1056 lapsus
903 959 1040 1056 primi,
1075 955 1177 1057 quod
1199 959 1307 1032 etiam
1338 947 1508 1034 affirmari
1529 953 1682 1055 Nupero
1708 948 1886 1031 Aliorum
1905 955 1982 1034 ·Fe-

579 1075 759 1165 .bruari0;
790 1071 872 1172 (4)
898 1075 962 1152 ubi
980 1073 1076 1152 haud
1100 1072 1208 1150 dubie
1227 1076 1300 1171 jam
1319 1074 1448 1150 videris
1469 1095 1587 1149 meana
1601 1071 1817 1150 solutionem
1835 1071 1982 1152 Proble-

591 1191 695 1270 matis
714 1181 954 1294 Hospitaliam·
972 1188 1036 1284 (ς)
1056 1189 1297 1268 &fraternam
1317 1215 1327 1267 ε
1360 1189 1428 1288 (6)
1451 1189 1581 1292 vellem
1598 1203 1639 1268 ut
1657 1192 1873 1267 examinares
1903 1204 1980 1268 utra

591 1303 634 1386 srt
662 1304 872 1386 succinrrior
904 1309 941 1384 δι
970 1307 1185 1396 naturalior,
1217 1309 1255 1383 δι
1280 1307 1387 1383 etiem
1418 1305 1628 1405 generalior.
1686 1303 1870 1408 Judicinm
1891 1329 1983 1408 quo-

592 1445 665 1522 que
690 1421 815 1502 Tuum
842 1438 1049 1524 exoptarem
1082 1425 1128 1500 de
1148 1423 1354 1504 Crarcrr
1382 1423 1530 1502 trattatu
1559 1447 1684 1511 novo,
1715 1447 1837 1500 annon
1865 1423 1981 1524 legiti-

581 1563 654 1624 me
683 1537 878 1638 objecerim
907 1566 946 1620 ea
965 1565 1044 1642 quae
1063 1539 1199 1618 ibidem
1223 1544 1262 1618 in
1286 1535 1392 1618 Atia
1421 1527 1598 1618 annotari.
1639 1535 1726 1643 (7)
1762 1539 1852 1617 Non
1873 1539 1981 1618 laudo

593 1657 697 1757 quod
729 1660 777 1736 ita
805 1661 958 1758 graviter
989 1657 1177 1738 invehatur
1197 1663 1236 1734 in
1264 1655 1339 1736 Dn.
1370 1655 1829 1750 Tscrrrnrrrrrurrrr3
1865 1659 1985 1736 minue

593 1788 735 1863 autem,
763 1775 864 1876 quod
893 1774 953 1852 hic
979 1775 1031 1851 illi
1064 1773 1180 1851 ansam
1212 1775 1338 1852 dedit:
1372 1773 1539 1870 injuriosa
1569 1777 1666 1849 enim
1699 1774 1855 1876 litigatio
1885 1777 1979 1850 uiros

593 1889 703 1971 bonae
725 1891 945 1970 educationis
955 1894 1104 1968 minime
1129 1890 1242 1969 decet.
1302 1890 1440 1991 Utique
1465 1892 1504 1966 in
1533 1892 1651 1968 modo
1675 1891 1905 1970 construendi
1921 1915 1984 1991 ge-

591 2007 755 2088 neraliter
780 2009 995 2108 aequanones
1024 2007 1274 2086 differentiales
1293 2033 1356 2110 per
1386 2011 1772 2110 appropinquationem
1791 2007 1861 2086 irre
1882 2007 1986 2110 poly-

593 2147 712 2224 gona,
731 2124 822 2222 (8)
837 2123 955 2203 adhuc
972 2125 1140 2202 nonnihil
1157 2124 1337 2214 defidero,
1352 2125 1453 2227 quod
1471 2125 1637 2204 nondum
1662 2126 1739 2202 latis
1754 2127 1804 2200 est
1822 2125 1985 2225 explora·

596 2255 702 2328 turn,
736 2243 773 2318 &
797 2240 870 2318 hoc
898 2243 969 2330 est,
1000 2241 1102 2344 quod
1125 2243 1407 2342 publicationem
1438 2245 1513 2339 ejus
1538 2242 1657 2322 adhuc
1678 2243 1889 2320 retardavit:
1920 2243 1984 2322 diu

597 2360 696 2432 enim
727 2371 809 2434 ante
844 2361 883 2436 in
901 2357 1005 2436 'hanc
1047 2357 1325 2458 speculationem
1360 2358 1575 2436 incideram:
1607 2363 1752 2438 interim
1789 2360 1985 2439 methodus

593 2473 705 2574 qu'arn
729 2474 814 2554 inde
836 2473 970 2556 deduxi
990 2477 1251 2556 determinandi
1273 2499 1419 2554 curvam
1442 2475 1679 2556 transeuntem
1696 2499 1760 2577 per
1779 2476 1910 2576 punita
1923 2475 1984 2554 fle-

585 2612 712 2680 ¹nuum
741 2595 908 2676 omnium
942 2616 1132 2674 nurerum
1160 2595 1278 2673 eidem
1305 2595 1496 2694 aquationi
1526 2591 1750 2670 differentiali
1776 2593 1984 2673 tabefacien-

594 2709 784 2784 tiumnon
815 2708 909 2788 adeo
932 2711 1114 2792 invenusta
1132 2711 1181 2790 est
1192 2736 1208 2808 ;
1236 2733 1346 2816 quarn
1371 2730 1517 2788 curram
1551 2710 1691 2788 ostendi
1710 2723 1887 2814 perpetuo
1916 2707 1985 2791 effe

592 2821 838 2923 algebraicam
1700 2867 1703 2876 v
1852 2830 1860 2838 '

656 2943 769 3037 Quod
781 2942 870 3020 milri
889 2947 927 3020 in
948 2943 1138 3024 eommiiiis
1156 2943 1280 3026 dedisti
1301 2945 1345 3024 ad
1359 2943 1520 3024 amuilim
1534 2944 1808 3044 execunrssam:
1827 2937 1902 3028 Ad
1911 2941 1984 3028 Ve-¹

585 3052 786 3166 scantianam
809 3059 913 3138 scribi
945 3066 1087 3150 curavi,
1112 3081 1171 3152 ut,
1211 3089 1276 3165 per
1299 3061 1523 3142 oceahonem
1541 3063 1616 3144 Dn.
1638 3065 1756 3144 Abbas
1776 3063 1846 3144 Bo
1860 3091 1873 3142 r
1889 3090 1982 3145 sor

598 3173 853 3277 promillorum
876 3177 961 3255 Tuo
977 3181 1126 3256 nomine
1145 3180 1406 3258 admoneretur.
1467 3179 1513 3259 Et
1534 3207 1600 3283 per
1615 3187 1791 3270 amicum,
1816 3185 1876 3260 cui
1898 3207 1983 3262 curn

597 3289 874 3372 Bibliothecario
892 3294 1102 3396 Monasterii
1120 3287 1159 3374 S.
1192 3289 1384 3397 Gallcafis,
1404 3301 1553 3378 nonnae
1572 3299 1609 3378 P.
1631 3293 1840 3376 Barcharda
1859 3297 1982 3378 Harsa.

595 3403 854 3489 commercium
883 3411 1081 3492 litterarum
1110 3413 1324 3507 intercedit,
1356 3413 1511 3493 eundem
1537 3414 1738 3496 humaniter
1759 3419 1907 3518 rogavi,
1942 3431 1985 3495 ut

1857 3555 1985 3614 torum

732 3755 792 3819 ln.
816 3753 902 3820 Erad.
928 3755 1013 3838 1694
1037 3759 1105 3837 lug.
1126 3782 1153 3839 p.
1178 3775 1244 3837 ῃ).
1265 3758 1313 3820 rel
1332 3759 1391 3834 Jae.
1414 3759 1539 3825 aare.
1564 3761 1639 3842 Opp.
1659 3763 1710 3827 N0.
1726 3764 1776 3837 64.
1797 3785 1826 3844 p
1848 3763 1919 3838 635.

723 3838 782 3899 net
804 3835 890 3900 h'rud.
914 3837 1001 3919 1695.
1019 3837 1099 3904 Febr.
1112 3861 1175 3920 pag.
1189 3850 1239 3916 65.
1260 3839 1307 3904 rel
1325 3839 1389 3915 Joh.
1414 3841 1534 3905 trra.
1558 3843 1634 3923 Opp.
1654 3845 1690 3908 T.
1712 3841 1734 3906 1.
1757 3845 1808 3908 ΝΟ.
1831 3840 1982 3908 1111111.

592 3937 672 4069 p(5
721 3998 781 4058 an.
807 3999 892 4062 Erad.
928 4000 1014 4085 1695.
1036 4001 1112 4064 Febr.
1139 4022 1167 4082 p.
1194 4018 1242 4083 59.
1265 4001 1393 4077 relJolr.
1416 4003 1538 4066 Bran.
1561 4003 1637 4083 Opp.
1664 4003 1740 4069 T.l.
1766 4007 1815 4072 N'.
1848 4001 1979 4067 XXII.

657 4155 702 4232 6)
725 4159 783 4220 nn
808 4159 891 4222 Erud.
914 4162 1001 4242 1695.
1025 4163 1104 4227 Febr.
1125 4185 1152 4244 p.
1175 4168 1225 4244 ἐς.
1244 4163 1292 4226 vel
1308 4163 1367 4239 Jac.
1388 4163 1512 4228 Bran.
1532 4161 1610 4244 Opp.
1632 4163 1716 4230 Tom.
1735 4167 1758 4230 1.
1776 4167 1828 4231 N‘.
1847 4165 1898 4246 63.
1915 4183 1977 4244 pag.

659 4341 677 4397 7

595 4160 656 4318 nl

595 4323 687 4475 1525.
706 4339 793 4476 Apris
814 4421 843 4480 p.
865 4403 934 4481 184.
954 4401 1019 4476 Joh.
1036 4402 1160 4464 Banu.
1181 4401 1259 4480 Opp.
1280 4403 1364 4465 Tom.
1386 4407 1404 4468 l.
1428 4405 1480 4468 N'.
1498 4405 1527 4468 11
1559 4405 1607 4468 lV.
1621 4427 1684 4486 pag.
1700 4423 1766 4481 140.
1999 4442 2004 4488 g

634 4481 701 4555 (1)
722 4483 831 4543 Modus
843 4487 978 4560 generalis
996 4483 1170 4564 construendi
1188 4503 1279 4545 omnes
1295 4493 1457 4569 aqurulorres
1474 4483 1668 4566 dffrmtialrr
1681 4491 1771 4568 pram*
1794 4491 1888 4550 radus.
1903 4489 1976 4554 Aut.

590 4561 661 4722 {pp
677 4559 755 4672 ber
768 4579 938 4636 soeret.
960 4566 1022 4638 rid·
1043 4565 1132 4636 had
1159 4561 1247 4649 1694·
1264 4564 1384 4654 iliona·
1407 4568 1580 4654 artrtlpp.
1596 4561 1725 4644 ron-'t
1772 4559 1892 4696 lm
1911 4589 1977 4654 aab

688 4316 782 4393 >aer
795 4319 877 4380 ondit
898 4320 1161 4383 errrrrrrns
1182 4325 1211 4383 in
1233 4329 1436 4386 Noratirmcula
1454 4329 1553 4386 adcon
1576 4326 1710 4388 'urbiam
1729 4329 1781 4390 &n
1807 4327 1877 4391 ntra
1894 4327 1978 4392 Etutl.
