4344 5526
560 330 585 394 6
748 315 1807 410 coMMchruMnrrsnoztcvM·

405 483 503 568 1694
555 465 668 546 sendis
694 491 954 572 conceperam,
986 469 1118 547 alebar.
1178 466 1324 570 Repeto
1342 470 1380 546 dc
1400 464 1522 550 dentrd
1541 485 1730 572 repetam,
1763 493 1832 550 nec
1854 473 1959 556 aliter

299 676 302 686 Ι
410 573 496 647 Mai,
552 601 683 688 potero
708 613 816 690 quam
835 588 1021 688 deplorare
1046 586 1219 665 sinistram
1242 611 1364 666 meam
1386 587 1543 677 sortem,
1577 611 1656 691 quae
1689 614 1749 666 me
1768 593 1813 668 ab
1832 591 1956 696 Ampl.

554 704 634 784 Tua
666 705 846 805 praesentia
866 705 1063 805 separatum
1090 718 1197 782 tenet.
1259 705 1411 784 Utinam
1435 705 1624 786 confilium
1650 708 1688 784 de
1713 708 1878 788 medium
1900 711 1958 790 su

551 823 684 922 perstes
713 821 826 908 esset,
860 824 961 923 quod
986 847 1045 900 me
1066 825 1106 899 ιιι
1131 825 1300 901 utinum
1331 825 1482 901 vestram
1512 839 1695 903 vocaret:
1722 826 1812 904 Sane
1836 827 1953 908 Patria

549 955 668 1039 neque
687 941 924 1028 retentionis,
952 965 1069 1043 neque
1093 941 1288 1038 tetradus
1277 967 1333 1038 Jus
1354 944 1393 1017 ιιι
1415 965 1473 1020 me
1493 941 1659 1020 haberet.
1691 967 1760 1020 nec
1773 947 1848 1042 eJ'us
1872 947 1952 1026 dul

550 1056 667 1144 cedo,
700 1058 758 1133 vel
791 1061 900 1136 etiam
929 1059 1004 1159 ipsa
1025 1031 1171 1134 Fratris
1194 1059 1423 1138 consuetudo
1451 1084 1511 1138 me
1535 1074 1673 1138 teneret
1704 1060 1953 1142 devintlum:

548 1171 618 1250 Sed
644 1171 729 1252 Fata
749 1191 881 1274 regunt
901 1179 1039 1254 omnia.
1095 1175 1278 1256 Ceterum
1302 1191 1362 1255 tot
1381 1178 1557 1280 tantisque
1578 1178 1651 1256 Tui
1673 1201 1757 1278 erga
1778 1205 1838 1258 me
1867 1181 1955 1260 affe·

550 1292 624 1369 tus
658 1295 869 1370 testimoniis
899 1293 1057 1374 abundat
1086 1313 1225 1395 nupera
1246 1293 1366 1422 Ampl
1396 1295 1486 1382 Tuae
1520 1293 1705 1396 Epistola,
1737 1311 1779 1375 ut
1809 1311 1973 1380 tautum.

547 1433 626 1486 ιιοιι
647 1411 879 1510 pudibundus
907 1410 1160 1492 obmutescam.
1206 1375 1300 1508 Quae
1322 1411 1413 1490 milti
1432 1415 1614 1501 attribuit,
1646 1413 1734 1494 Tibi
1751 1415 1950 1496 debentur.

546 1524 708 1617 Laudes,
740 1532 778 1606 ιιι
802 1553 887 1667 quas
912 1532 1089 1617 excurris,
1121 1553 1196 1606 non
1223 1534 1437 1630 promerui:
1471 1529 1756 1608 Meditationum
1788 1558 1952 1613 mearum

548 1641 819 1726 leviuscularum
843 1651 895 1724 uis
931 1653 1106 1748 particeps
1131 1648 1255 1734 reddi,
1288 1647 1384 1748 quasi
1410 1659 1501 1726 rero'
1517 1647 1581 1724 Sol
1604 1647 1624 1725 ὲ
1646 1648 1798 1728 Plaoetis
1825 1650 1950 1728 lumen,

550 1777 736 1844 mutuetur
772 1767 809 1842 δι
841 1766 1026 1866 ¹scaturigo
1064 1787 1193 1864 aquam
1233 1789 1278 1842 ex
1318 1765 1446 1844 riurlis
1476 1779 1583 1868 petat.
1673 1765 1772 1844 Mihi
1809 1767 1995 1869 insuper·

547 1883 716 1960 concedis
740 1887 956 1984 potestatem
981 1883 1066 1960 Tibi
1090 1885 1246 1962 crebrius
1269 1883 1468 1972 scribendi,
1501 1907 1582 1960 noo
1603 1887 1714 1982 igitur
1738 1884 1955 1984 indignabo-

545 2003 593 2074 ris
619 1999 872 2100 srsrequenter
898 1999 1097 2078 molestiam
1118 2025 1211 2078 creo
1254 2001 1417 2080 Primum
1440 2001 1599 2078 intellexi
1618 2025 1664 2078 ex
1685 2002 1809 2078 litteris
1831 1991 1949 2080 uon.

545 2117 702 2194 keniaenis
732 2118 850 2219 Ampl.
883 2119 1010 2198 'Tuam
1041 2118 1088 2195 ad·
1112 2119 1255 2220 prelum
1290 2143 1417 2219 parare
1445 2117 1672 2220 Opusculum
1704 2119 1950 2219 complessent·

545 2226 738 2311 Scientiam
765 2235 898 2342 itysnr'tt'
927 2239 965 2312 δι,
994 2235 1109 2336 pridie
1139 2253 1220 2313 ante
1248 2251 1431 2336 acceptam
1461 2233 1657 2338 Epistolam
1694 2236 1814 2316 Tuam
1844 2237 1951 2316 Dno..

545 2351 825 2432 Μιιιιιιιιιιο
856 2353 1037 2454 rescripsi,
1064 2353 1241 2458 ¹simulque
1269 2379 1385 2433 unum
1406 2355 1444 2430 dt
1470 2354 1621 2432 alterum
1641 2354 1730 2432 Tibi
1746 2352 1953 2454 significan-

403 2571 405 2576 Ι
546 2469 635 2547 dum
654 2472 826 2550 commiss.
873 2473 1005 2550 ·Nobis
1023 2459 1178 2549 'interim
1204 2474 1242 2550 ἃ
1268 2477 1339 2549 toti¹
1360 2471 1453 2552 Orbi
1477 2471 1666 2551 Litterario
1689 2473 1846 2564 multum
1865 2494 1945 2573 gra-

544 2588 702 2666 tulamur
727 2589 918 2668 defuturo
945 2591 1011 2667 isto
1036 2589 1186 2689 Opere,
1216 2591 1254 2665 dt
1278 2593 1348 2686 Jam
1372 2593 1410 2665 in
1430 2587 1644 2668 antecessum
1662 2588 1838 2688 fingulare
1855 2586 1946 2691 quid

418 2731 421 2740 ’
545 2707 649 2781 nobis
675 2710 943 2805 promittimus,
976 2731 1057 2784 non·
1073 2707 1276 2784 dubitantes
1296 2711 1385 2808 quio
1404 2721 1445 2784 ut
1463 2721 1595 2784 caeterae
1613 2708 1686 2786 Tui
1705 2710 1842 2806 ingenii
1860 2732 1945 2807 pro-

543 2823 619 2912 les,
656 2839 698 2902 te
720 2827 757 2902 dc
784 2825 857 2906 hoc
882 2825 933 2904 sui
952 2825 1177 2910 aestimatores
1203 2821 1336 2926 ubique
1359 2825 1547 2902 pasturum
1570 2822 1639 2912 fit,
1672 2825 1864 2926 praesertim
1883 2849 1945 2903 eos

543 2945 628 3042 qui,
650 2942 750 3042 quod
769 2943 895 3021 subtile
919 2945 988 3032 est,
1021 2969 1046 3020 a
1070 2947 1258 3022 communi
1279 2957 1416 3021 norunt
1441 2941 1647 3019 discernere.
1707 2941 1797 3020 Non
1824 2956 1951 3020 autem

543 3059 624 3138 dre
646 3061 724 3138 fore
750 3075 868 3161 puto,
901 3060 968 3138 Vir
995 3061 1122 3141 Celeb.
1149 3064 1277 3162 exigua
1304 3063 1454 3140 nostra
1444 3075 1589 3137 inventa
1614 3059 1704 3138 Tuis
1722 3060 1947 3159 adiungere:

374 3235 376 3242 >
457 3177 460 3182 ’
539 3178 701 3256 dolerem
724 3178 877 3258 fifoetus
902 3179 962 3256 hic
982 3183 1067 3281 qui,
1098 3179 1211 3257 dubio
1232 3179 1390 3280 procul,
1422 3183 1495 3277 J'am
1512 3203 1616 3256 οιιιιιι
1606 3175 1788 3280 pollibili
1807 3161 1943 3276 perseo-

540 3299 638 3373 tione
657 3299 807 3396 gaudet,
832 3297 986 3385 snobis
1012 3297 1275 3392 dedecorabat
1265 3319 1301 3374 ιιι
1323 3299 1445 3375 lumen
1473 3297 1646 3382 ederetur.
1677 3295 1712 3374 Si
1741 3311 1861 3373 tamen
1884 3321 1951 3374 ve·

322 3494 327 3505 ,
437 3453 438 3458 ¹
537 3435 645 3498 rum,
671 3416 783 3512 quod
813 3420 945 3505 aiunt,
974 3414 1136 3516 opposita
1165 3418 1264 3512 juxta
1288 3413 1322 3490 se
1350 3414 1460 3515 posita
1488 3417 1603 3513 magis
1630 3413 1882 3502 elucescunt,
1897 3409 1941 3490 ed

537 3529 720 3608 lubentius
737 3531 842 3632 Amp.
867 3534 986 3612 Tuam
1009 3537 1114 3636 petiti
1131 3547 1342 3632 compotem
1361 3533 1476 3609 facere
1494 3534 1716 3634 poterimus,
1749 3532 1849 3632 quod
1871 3535 1952 3608 evi-

537 3646 823 3738 dentiucTuad
850 3651 976 3727 nostris
996 3649 1270 3751 dignoscentur..
1306 3651 1348 3729 ld
1374 3649 1495 3726 saltem
1512 3649 1687 3737 velimus,
1719 3663 1760 3726 ut
1781 3663 1948 3726 mentem.

537 3762 661 3844 Tuam
656 3769 830 3866 apertius
851 3766 1034 3865 explices,
1061 3793 1135 3870 qua·
1154 3770 1292 3846 ratione
1307 3767 1379 3847 boc
1394 3765 1528 3878 fastum
1547 3765 1567 3842 ιι
1586 3769 1696 3844 nobis
1715 3765 1832 3844 velis.
1817 3793 1830 3808 ·‘
1851 3791 1947 3850 oum

536 3859 672 3964 scilicet
692 3899 730 3962 ut
754 3885 968 3967 notabiliora
983 3887 1104 3963 nostra
1124 3890 1269 3963 inventa
1286 3886 1371 3964 Tibi
1391 3873 1503 3988 ocyus
1526 3883 1824 3980 tranlirsittamus3
1850 3907 1949 3964 num

536 3997 654 4089 verb,
682 4003 792 4080 utl
747 3999 854 4082 usto.
881 4003 967 4082 Tuo
996 4005 1045 4081 ad
1066 4007 1202 4083 nostras
1227 4007 1325 4104 prius
1355 4002 1474 4080 delato
1502 4025 1653 4089 manus,
1687 4003 1858 4106 quadam
1880 4002 1951 4078 ad

536 4116 697 4214 siciamus
718 4123 756 4196 in
782 4122 936 4200 modum
961 4123 1073 4200 adnot
1058 4127 1285 4206 rationum

596 4235 747 4315 Gaudeo
766 4238 820 4314 Te
842 4264 887 4338 a
864 4237 1030 4315 vnoseere
1053 4241 1178 4318 Tuum
1206 4237 1523 4338 Tetrogonilinum
1548 4237 1751 4338 generalem
1776 4263 1839 4339 per
1860 4261 1950 4315 mo·-

534 4367 614 4431 tum
630 4351 731 4433 itme
756 4360 918 4434 accurate
942 4354 1041 4432 fixisse
1074 4357 1371 4442 consideratum:
1406 4357 1509 4440 illum
1541 4381 1626 4436 curn
1660 4349 1789 4435 Fratre
1823 4381 1907 4434 meo
1926 4411 1948 4446 ,

533 4471 661 4582 quide
685 4477 759 4576 ejus
782 4465 998 4555 obscuritate
1030 4477 1244 4580 querebatur
1262 4533 1281 4566 ,,
1306 4475 1433 4560 toruo.
1452 4477 1612 4590 obnon.
1636 4475 1833 4568 adhibimus
1861 4497 1954 4578 per3.

1819 4592 1945 4668 1ιᾶιο-
