<?xml version="1.0" encoding="UTF-8"?>
<!DOCTYPE html PUBLIC "-//W3C//DTD XHTML 1.0 Transitional//EN"
    "http://www.w3.org/TR/xhtml1/DTD/xhtml1-transitional.dtd">
<html xmlns="http://www.w3.org/1999/xhtml" xml:lang="en" lang="en">
 <head>
  <title>
</title>
<meta http-equiv="Content-Type" content="text/html;charset=utf-8" />
  <meta name='ocr-system' content='tesseract 3.04.00' />
  <meta name='ocr-capabilities' content='ocr_page ocr_carea ocr_par ocr_line ocrx_word'/>
</head>
<body>
  <div class='ocr_page' id='page_1' title='image "./virorumceleberr00bousgoog_0017.png"; bbox 0 0 4344 5526; ppageno 0'>
   <div class='ocr_carea' id='block_1_1' title="bbox 464 1061 1817 1668">
    <p class='ocr_par' dir='ltr' id='par_1_1' title="bbox 464 1040 1817 1668">
     <span class='ocr_line' id='line_1_1' title="bbox 516 1061 1817 1262; baseline 0.016 -56"><span class='ocrx_word' id='word_1_1' title='bbox 516 1061 1817 1262; x_wconf 67' lang='lat' dir='ltr'><strong>,nrtsuonnnun</strong></span> 
     </span>
     <span class='ocr_line' id='line_1_2' title="bbox 464 1355 1701 1473; baseline 0.001 -16"><span class='ocrx_word' id='word_1_2' title='bbox 464 1373 471 1384; x_wconf 86' lang='grc'><em>·</em></span> <span class='ocrx_word' id='word_1_3' title='bbox 713 1355 1177 1473; x_wconf 76' lang='lat' dir='ltr'><strong>EARUMQUE</strong></span> <span class='ocrx_word' id='word_1_4' title='bbox 1244 1361 1701 1462; x_wconf 75' lang='lat' dir='ltr'><strong>att-fivtnutn.</strong></span> 
     </span>
     <span class='ocr_line' id='line_1_3' title="bbox 1031 1575 1385 1668; baseline -0.003 -4"><span class='ocrx_word' id='word_1_5' title='bbox 1031 1575 1261 1668; x_wconf 77' lang='grc' dir='ltr'><strong>ΤΟΜ.</strong></span> <span class='ocrx_word' id='word_1_6' title='bbox 1351 1581 1385 1666; x_wconf 81' lang='grc' dir='ltr'><strong>Ι.</strong></span> 
     </span>
    </p>
   </div>
   <div class='ocr_carea' id='block_1_2' title="bbox 507 1793 1904 2456">
    <p class='ocr_par' dir='ltr' id='par_1_2' title="bbox 507 1793 1904 2456">
     <span class='ocr_line' id='line_1_4' title="bbox 880 1793 1445 1872; baseline 0.009 -5"><span class='ocrx_word' id='word_1_7' title='bbox 880 1801 882 1809; x_wconf 83' lang='grc'><em>’</em></span> <span class='ocrx_word' id='word_1_8' title='bbox 969 1793 999 1868; x_wconf 74' lang='lat' dir='ltr'><strong>t</strong></span> <span class='ocrx_word' id='word_1_9' title='bbox 1021 1793 1047 1869; x_wconf 90' lang='lat' dir='ltr'>P</span> <span class='ocrx_word' id='word_1_10' title='bbox 1072 1793 1093 1868; x_wconf 93' lang='grc' dir='ltr'>Ι</span> <span class='ocrx_word' id='word_1_11' title='bbox 1114 1795 1135 1870; x_wconf 89' lang='lat' dir='ltr'>S</span> <span class='ocrx_word' id='word_1_12' title='bbox 1158 1795 1192 1872; x_wconf 84' lang='lat' dir='ltr'><strong>T</strong></span> <span class='ocrx_word' id='word_1_13' title='bbox 1215 1798 1252 1870; x_wconf 94' lang='grc' dir='ltr'>Ο</span> <span class='ocrx_word' id='word_1_14' title='bbox 1276 1799 1304 1872; x_wconf 88' lang='lat' dir='ltr'>L</span> <span class='ocrx_word' id='word_1_15' title='bbox 1328 1799 1358 1872; x_wconf 89' lang='lat' dir='ltr'>A</span> <span class='ocrx_word' id='word_1_16' title='bbox 1418 1799 1445 1872; x_wconf 94' lang='lat' dir='ltr'><strong>I.</strong></span> 
     </span>
     <span class='ocr_line' id='line_1_5' title="bbox 509 1913 1904 2050; baseline 0.011 -26"><span class='ocrx_word' id='word_1_17' title='bbox 509 1951 736 2048; x_wconf 68' lang='lat' dir='ltr'><strong>officiicrgo.</strong></span> <span class='ocrx_word' id='word_1_18' title='bbox 780 1952 891 2046; x_wconf 66' lang='lat' dir='ltr'><strong>nogat</strong></span> <span class='ocrx_word' id='word_1_19' title='bbox 915 1967 959 2026; x_wconf 88' lang='lat' dir='ltr'><strong>ut.</strong></span> <span class='ocrx_word' id='word_1_20' title='bbox 976 1948 1085 2050; x_wconf 83' lang='lat' dir='ltr'><strong>ipsum</strong></span> <span class='ocrx_word' id='word_1_21' title='bbox 1099 1957 1310 2034; x_wconf 73' lang='lat' dir='ltr'><strong>ommmdet</strong></span> <span class='ocrx_word' id='word_1_22' title='bbox 1333 1958 1562 2034; x_wconf 75' lang='lat' dir='ltr'><strong>Ausonio</strong></span> <span class='ocrx_word' id='word_1_23' title='bbox 1597 1913 1791 2038; x_wconf 32' lang='lat' dir='ltr'><strong>&#39;Ucnrco</strong></span> <span class='ocrx_word' id='word_1_24' title='bbox 1816 1963 1904 2040; x_wconf 78' lang='lat' dir='ltr'><strong>Duo·</strong></span> 
     </span>
     <span class='ocr_line' id='line_1_6' title="bbox 582 2048 1899 2158; baseline 0.007 -31"><span class='ocrx_word' id='word_1_25' title='bbox 582 2048 854 2142; x_wconf 80' lang='lat' dir='ltr'><strong>&#39;Brrmsroicmfi,</strong></span> <span class='ocrx_word' id='word_1_26' title='bbox 1117 2059 1123 2066; x_wconf 84' lang='lat'><em>&#39;</em></span> <span class='ocrx_word' id='word_1_27' title='bbox 1750 2081 1826 2158; x_wconf 78' lang='lat' dir='ltr'><strong>pag.</strong></span> <span class='ocrx_word' id='word_1_28' title='bbox 1880 2082 1899 2136; x_wconf 80' lang='lat' dir='ltr'><strong>t</strong></span> 
     </span>
     <span class='ocr_line' id='line_1_7' title="bbox 1170 2187 1238 2260; baseline -0.029 0"><span class='ocrx_word' id='word_1_29' title='bbox 1170 2187 1238 2260; x_wconf 89' lang='lat'><strong>11.</strong></span> 
     </span>
     <span class='ocr_line' id='line_1_8' title="bbox 507 2357 1901 2456; baseline -0.001 -14"><span class='ocrx_word' id='word_1_30' title='bbox 507 2361 661 2444; x_wconf 73' lang='lat' dir='ltr'><strong>Testatur</strong></span> <span class='ocrx_word' id='word_1_31' title='bbox 689 2363 791 2456; x_wconf 71' lang='lat' dir='ltr'><strong>qulm</strong></span> <span class='ocrx_word' id='word_1_32' title='bbox 815 2359 855 2436; x_wconf 76' lang='lat' dir='ltr'><strong>sn·</strong></span> <span class='ocrx_word' id='word_1_33' title='bbox 878 2359 1065 2456; x_wconf 84' lang='lat' dir='ltr'><strong>jucundum</strong></span> <span class='ocrx_word' id='word_1_34' title='bbox 1083 2357 1144 2432; x_wconf 86' lang='lat' dir='ltr'><strong>fibi</strong></span> <span class='ocrx_word' id='word_1_35' title='bbox 1172 2383 1251 2432; x_wconf 90' lang='lat' dir='ltr'><strong>cum</strong></span> <span class='ocrx_word' id='word_1_36' title='bbox 1278 2361 1589 2438; x_wconf 74' lang='lat' dir='ltr'><strong>urnnourm</strong></span> <span class='ocrx_word' id='word_1_37' title='bbox 1607 2384 1631 2438; x_wconf 93' lang='lat'>0</span> <span class='ocrx_word' id='word_1_38' title='bbox 1654 2367 1901 2442; x_wconf 77' lang='lat' dir='ltr'><strong>commercium</strong></span> 
     </span>
    </p>
   </div>
   <div class='ocr_carea' id='block_1_3' title="bbox 603 2456 1899 2678">
    <p class='ocr_par' dir='ltr' id='par_1_3' title="bbox 603 2456 1899 2678">
     <span class='ocr_line' id='line_1_9' title="bbox 603 2456 1898 2561; baseline -0.002 -23"><span class='ocrx_word' id='word_1_39' title='bbox 603 2460 827 2556; x_wconf 85' lang='lat' dir='ltr'><strong>Epistollcum.</strong></span> <span class='ocrx_word' id='word_1_40' title='bbox 882 2459 1117 2533; x_wconf 89' lang='lat' dir='ltr'><strong>Communicat</strong></span> <span class='ocrx_word' id='word_1_41' title='bbox 1149 2457 1321 2533; x_wconf 82' lang='lat' dir='ltr'><strong>confitum</strong></span> <span class='ocrx_word' id='word_1_42' title='bbox 1351 2456 1511 2533; x_wconf 84' lang='lat' dir='ltr'><strong>scribendi</strong></span> <span class='ocrx_word' id='word_1_43' title='bbox 1541 2461 1594 2533; x_wconf 77' lang='lat' dir='ltr'><strong>D&#39;e</strong></span> <span class='ocrx_word' id='word_1_44' title='bbox 1616 2467 1751 2546; x_wconf 76' lang='lat' dir='ltr'><strong>Sciooia</strong></span> <span class='ocrx_word' id='word_1_45' title='bbox 1773 2469 1898 2561; x_wconf 64' lang='lat' dir='ltr'><strong>Infima.</strong></span> 
     </span>
     <span class='ocr_line' id='line_1_10' title="bbox 603 2553 1899 2678; baseline 0 -44"><span class='ocrx_word' id='word_1_46' title='bbox 603 2563 657 2634; x_wconf 87' lang='lat' dir='ltr'><strong>De</strong></span> <span class='ocrx_word' id='word_1_47' title='bbox 672 2553 921 2654; x_wconf 80' lang='lat' dir='ltr'><strong>Tetragonilino</strong></span> <span class='ocrx_word' id='word_1_48' title='bbox 933 2553 1107 2630; x_wconf 86' lang='lat' dir='ltr'><strong>universali</strong></span> <span class='ocrx_word' id='word_1_49' title='bbox 1119 2579 1177 2650; x_wconf 86' lang='lat' dir='ltr'><strong>per</strong></span> <span class='ocrx_word' id='word_1_50' title='bbox 1196 2575 1338 2632; x_wconf 88' lang='lat' dir='ltr'><strong>motum.</strong></span> <span class='ocrx_word' id='word_1_51' title='bbox 1371 2559 1413 2630; x_wconf 91' lang='lat' dir='ltr'><strong>In</strong></span> <span class='ocrx_word' id='word_1_52' title='bbox 1432 2561 1639 2656; x_wconf 80' lang='lat' dir='ltr'><strong>quadraturis</strong></span> <span class='ocrx_word' id='word_1_53' title='bbox 1654 2554 1848 2678; x_wconf 62' lang='lat' dir='ltr'><strong>dilueram,</strong></span> <span class='ocrx_word' id='word_1_54' title='bbox 1879 2579 1899 2652; x_wconf 82' lang='lat'>3</span> 
     </span>
    </p>
   </div>
   <div class='ocr_carea' id='block_1_4' title="bbox 1147 2705 1409 2778">
    <p class='ocr_par' dir='ltr' id='par_1_4' title="bbox 1147 2705 1409 2778">
     <span class='ocr_line' id='line_1_11' title="bbox 1147 2705 1409 2778; baseline 0 0"><span class='ocrx_word' id='word_1_55' title='bbox 1147 2705 1257 2778; x_wconf 94' lang='lat' dir='ltr'><strong>III.</strong></span> <span class='ocrx_word' id='word_1_56' title='bbox 1402 2715 1409 2724; x_wconf 83' lang='lat'><strong><em>‘</em></strong></span> 
     </span>
    </p>
   </div>
   <div class='ocr_carea' id='block_1_5' title="bbox 368 2833 1899 2938">
    <p class='ocr_par' dir='ltr' id='par_1_5' title="bbox 368 2833 1899 2938">
     <span class='ocr_line' id='line_1_12' title="bbox 368 2833 1899 2938; baseline -0.003 -14"><span class='ocrx_word' id='word_1_57' title='bbox 368 2905 371 2911; x_wconf 16' lang='grc' dir='ltr'><strong>Α</strong></span> <span class='ocrx_word' id='word_1_58' title='bbox 505 2847 659 2925; x_wconf 81' lang='lat' dir='ltr'><strong>Declarat</strong></span> <span class='ocrx_word' id='word_1_59' title='bbox 689 2863 791 2936; x_wconf 91' lang='lat' dir='ltr'><strong>quam</strong></span> <span class='ocrx_word' id='word_1_60' title='bbox 815 2841 913 2914; x_wconf 86' lang='lat' dir='ltr'><strong>vellet</strong></span> <span class='ocrx_word' id='word_1_61' title='bbox 936 2837 1045 2934; x_wconf 85' lang='lat' dir='ltr'><strong>ipsum</strong></span> <span class='ocrx_word' id='word_1_62' title='bbox 1066 2833 1213 2912; x_wconf 82' lang='lat' dir='ltr'><strong>invisere.</strong></span> <span class='ocrx_word' id='word_1_63' title='bbox 1264 2838 1318 2910; x_wconf 84' lang='lat' dir='ltr'><strong>De</strong></span> <span class='ocrx_word' id='word_1_64' title='bbox 1340 2843 1471 2913; x_wconf 81' lang='lat' dir='ltr'><strong>Scimrr’a</strong></span> <span class='ocrx_word' id='word_1_65' title='bbox 1487 2843 1612 2938; x_wconf 68' lang='lat' dir='ltr'><strong>lnffiriti.</strong></span> <span class='ocrx_word' id='word_1_66' title='bbox 1661 2844 1716 2914; x_wconf 88' lang='lat' dir='ltr'><strong>De</strong></span> <span class='ocrx_word' id='word_1_67' title='bbox 1734 2843 1899 2920; x_wconf 87' lang='lat' dir='ltr'><strong>Methodo</strong></span> 
     </span>
    </p>
   </div>
   <div class='ocr_carea' id='block_1_6' title="bbox 505 2935 1899 3337">
    <p class='ocr_par' dir='ltr' id='par_1_6' title="bbox 505 2935 1899 3337">
     <span class='ocr_line' id='line_1_13' title="bbox 603 2935 1895 3035; baseline 0.003 -19"><span class='ocrx_word' id='word_1_68' title='bbox 603 2941 831 3035; x_wconf 81' lang='lat' dir='ltr'><strong>Tangentium</strong></span> <span class='ocrx_word' id='word_1_69' title='bbox 862 2939 1011 3026; x_wconf 79' lang='lat' dir='ltr'><strong>inversa,</strong></span> <span class='ocrx_word' id='word_1_70' title='bbox 1047 2961 1123 3034; x_wconf 85' lang='lat' dir='ltr'><strong>quae</strong></span> <span class='ocrx_word' id='word_1_71' title='bbox 1149 2935 1323 3010; x_wconf 82' lang='lat' dir='ltr'><strong>irtvenerit</strong></span> <span class='ocrx_word' id='word_1_72' title='bbox 1379 2937 1434 3008; x_wconf 88' lang='lat' dir='ltr'><strong>De</strong></span> <span class='ocrx_word' id='word_1_73' title='bbox 1463 2937 1599 3014; x_wconf 84' lang='lat' dir='ltr'><strong>Calculo</strong></span> <span class='ocrx_word' id='word_1_74' title='bbox 1625 2947 1895 3033; x_wconf 81' lang='lat' dir='ltr'><strong>percurrentium.</strong></span> 
     </span>
     <span class='ocr_line' id='line_1_14' title="bbox 505 3033 1899 3232; baseline 0.014 -137"><span class='ocrx_word' id='word_1_75' title='bbox 505 3087 508 3095; x_wconf 94' lang='lat'><strong>.</strong></span> <span class='ocrx_word' id='word_1_76' title='bbox 602 3045 691 3214; x_wconf 47' lang='grc' dir='ltr'><strong>ἐμᾷ</strong></span> <span class='ocrx_word' id='word_1_77' title='bbox 719 3041 929 3192; x_wconf 63' lang='lat' dir='ltr'><strong>quadramrae</strong></span> <span class='ocrx_word' id='word_1_78' title='bbox 954 3035 997 3115; x_wconf 81' lang='lat' dir='ltr'><strong>ad</strong></span> <span class='ocrx_word' id='word_1_79' title='bbox 1012 3033 1142 3110; x_wconf 76' lang='lat' dir='ltr'><strong>Circuli</strong></span> <span class='ocrx_word' id='word_1_80' title='bbox 1165 3034 1417 3130; x_wconf 82' lang='lat' dir='ltr'><strong>&amp;Hyperbolae</strong></span> <span class='ocrx_word' id='word_1_81' title='bbox 1431 3035 1667 3132; x_wconf 80' lang='lat' dir='ltr'><strong>quadraturam</strong></span> <span class='ocrx_word' id='word_1_82' title='bbox 1691 3039 1804 3188; x_wconf 78' lang='lat' dir='ltr'><strong>reduci</strong></span> <span class='ocrx_word' id='word_1_83' title='bbox 1819 3040 1899 3232; x_wconf 45' lang='lat' dir='ltr'><strong>pos}</strong></span> 
     </span>
     <span class='ocr_line' id='line_1_15' title="bbox 685 3186 1255 3337; baseline -0.004 -2"><span class='ocrx_word' id='word_1_84' title='bbox 685 3186 699 3226; x_wconf 77' lang='lat'>²</span> <span class='ocrx_word' id='word_1_85' title='bbox 930 3277 934 3284; x_wconf 86' lang='lat'>&#39;</span> <span class='ocrx_word' id='word_1_86' title='bbox 1168 3262 1255 3337; x_wconf 88' lang='lat' dir='ltr'><strong>IV.</strong></span> 
     </span>
    </p>
   </div>
   <div class='ocr_carea' id='block_1_7' title="bbox 504 3427 1897 3848">
    <p class='ocr_par' dir='ltr' id='par_1_7' title="bbox 504 3427 1897 3848">
     <span class='ocr_line' id='line_1_16' title="bbox 504 3427 1897 3529; baseline -0.001 -17"><span class='ocrx_word' id='word_1_87' title='bbox 504 3442 558 3518; x_wconf 83' lang='lat' dir='ltr'><strong>De</strong></span> <span class='ocrx_word' id='word_1_88' title='bbox 585 3435 809 3512; x_wconf 87' lang='lat' dir='ltr'><strong>construendis</strong></span> <span class='ocrx_word' id='word_1_89' title='bbox 892 3433 1091 3510; x_wconf 77' lang='lat' dir='ltr'><strong>uatiomlrus·</strong></span> <span class='ocrx_word' id='word_1_90' title='bbox 1113 3427 1381 3507; x_wconf 80' lang='lat' dir='ltr'><strong>differentiallbus</strong></span> <span class='ocrx_word' id='word_1_91' title='bbox 1407 3431 1629 3529; x_wconf 83' lang='lat' dir='ltr'><strong>homogcneis.</strong></span> <span class='ocrx_word' id='word_1_92' title='bbox 1680 3437 1733 3509; x_wconf 89' lang='lat' dir='ltr'><strong>Dc</strong></span> <span class='ocrx_word' id='word_1_93' title='bbox 1760 3437 1897 3511; x_wconf 88' lang='lat' dir='ltr'><strong>Calculo</strong></span> 
     </span>
     <span class='ocr_line' id='line_1_17' title="bbox 601 3529 1897 3631; baseline 0.002 -25"><span class='ocrx_word' id='word_1_94' title='bbox 601 3535 862 3628; x_wconf 85' lang='lat' dir='ltr'><strong>percurrentium</strong></span> <span class='ocrx_word' id='word_1_95' title='bbox 892 3559 933 3608; x_wconf 84' lang='lat' dir='ltr'><strong>en</strong></span> <span class='ocrx_word' id='word_1_96' title='bbox 950 3532 1239 3631; x_wconf 79' lang='lat' dir='ltr'><strong>exponentialium.</strong></span> <span class='ocrx_word' id='word_1_97' title='bbox 1291 3532 1345 3603; x_wconf 83' lang='lat' dir='ltr'><strong>Da</strong></span> <span class='ocrx_word' id='word_1_98' title='bbox 1366 3529 1590 3605; x_wconf 86' lang='lat' dir='ltr'><strong>construendis</strong></span> <span class='ocrx_word' id='word_1_99' title='bbox 1614 3533 1735 3606; x_wconf 89' lang='lat' dir='ltr'><strong>Curvis</strong></span> <span class='ocrx_word' id='word_1_100' title='bbox 1755 3559 1796 3609; x_wconf 85' lang='lat' dir='ltr'><strong>ex</strong></span> <span class='ocrx_word' id='word_1_101' title='bbox 1819 3531 1897 3609; x_wconf 87' lang='lat' dir='ltr'><strong>data</strong></span> 
     </span>
     <span class='ocr_line' id='line_1_18' title="bbox 601 3625 1896 3727; baseline 0.002 -21"><span class='ocrx_word' id='word_1_102' title='bbox 601 3631 828 3725; x_wconf 88' lang='lat' dir='ltr'><strong>Tangentium</strong></span> <span class='ocrx_word' id='word_1_103' title='bbox 853 3631 1051 3704; x_wconf 81' lang='lat' dir='ltr'><strong>conditione.</strong></span> <span class='ocrx_word' id='word_1_104' title='bbox 1101 3631 1156 3702; x_wconf 89' lang='lat' dir='ltr'><strong>De</strong></span> <span class='ocrx_word' id='word_1_105' title='bbox 1179 3627 1388 3727; x_wconf 82' lang='lat' dir='ltr'><strong>quadraturis</strong></span> <span class='ocrx_word' id='word_1_106' title='bbox 1411 3629 1454 3702; x_wconf 87' lang='lat' dir='ltr'><strong>ad</strong></span> <span class='ocrx_word' id='word_1_107' title='bbox 1475 3625 1570 3706; x_wconf 81' lang='lat' dir='ltr'><strong>series</strong></span> <span class='ocrx_word' id='word_1_108' title='bbox 1589 3631 1790 3704; x_wconf 82' lang='lat' dir='ltr'><strong>revocandis.</strong></span> <span class='ocrx_word' id='word_1_109' title='bbox 1841 3634 1896 3709; x_wconf 86' lang='lat' dir='ltr'><strong>De</strong></span> 
     </span>
     <span class='ocr_line' id='line_1_19' title="bbox 603 3731 1896 3848; baseline -0.001 -45"><span class='ocrx_word' id='word_1_110' title='bbox 603 3734 736 3804; x_wconf 83' lang='lat' dir='ltr'><strong>Srienria</strong></span> <span class='ocrx_word' id='word_1_111' title='bbox 765 3731 943 3824; x_wconf 57' lang='lat' dir='ltr'><strong>infiniti„</strong></span> <span class='ocrx_word' id='word_1_112' title='bbox 1056 3830 1062 3839; x_wconf 31' lang='grc' dir='ltr'>Ι</span> <span class='ocrx_word' id='word_1_113' title='bbox 1111 3761 1115 3770; x_wconf 92' lang='grc'><em>·</em></span> <span class='ocrx_word' id='word_1_114' title='bbox 1365 3751 1392 3848; x_wconf 35' lang='grc' dir='ltr'><strong>ἱ·</strong></span> <span class='ocrx_word' id='word_1_115' title='bbox 1851 3751 1896 3804; x_wconf 89' lang='lat'><strong>10</strong></span> 
     </span>
    </p>
   </div>
   <div class='ocr_carea' id='block_1_8' title="bbox 501 4035 2167 4521">
    <p class='ocr_par' dir='ltr' id='par_1_8' title="bbox 501 4035 2167 4328">
     <span class='ocr_line' id='line_1_20' title="bbox 501 4035 1893 4132; baseline -0.002 -23"><span class='ocrx_word' id='word_1_116' title='bbox 501 4037 555 4126; x_wconf 85' lang='lat' dir='ltr'><strong>Dc</strong></span> <span class='ocrx_word' id='word_1_117' title='bbox 578 4036 715 4108; x_wconf 87' lang='lat' dir='ltr'><strong>Calculo</strong></span> <span class='ocrx_word' id='word_1_118' title='bbox 744 4037 973 4132; x_wconf 83' lang='lat' dir='ltr'><strong>exponentiali.</strong></span> <span class='ocrx_word' id='word_1_119' title='bbox 1023 4036 1077 4108; x_wconf 86' lang='lat' dir='ltr'><strong>De</strong></span> <span class='ocrx_word' id='word_1_120' title='bbox 1098 4035 1324 4109; x_wconf 80' lang='lat' dir='ltr'><strong>construendis</strong></span> <span class='ocrx_word' id='word_1_121' title='bbox 1353 4037 1478 4110; x_wconf 86' lang='lat' dir='ltr'><strong>Curvis</strong></span> <span class='ocrx_word' id='word_1_122' title='bbox 1498 4061 1540 4108; x_wconf 82' lang='lat' dir='ltr'><strong>ex</strong></span> <span class='ocrx_word' id='word_1_123' title='bbox 1562 4038 1791 4130; x_wconf 86' lang='lat' dir='ltr'><strong>Tangentium</strong></span> <span class='ocrx_word' id='word_1_124' title='bbox 1815 4059 1893 4106; x_wconf 84' lang='lat' dir='ltr'><strong>con-</strong></span> 
     </span>
     <span class='ocr_line' id='line_1_21' title="bbox 601 4133 2167 4230; baseline -0.001 -25"><span class='ocrx_word' id='word_1_125' title='bbox 601 4134 732 4206; x_wconf 91' lang='lat' dir='ltr'><strong>ditione.</strong></span> <span class='ocrx_word' id='word_1_126' title='bbox 785 4135 838 4205; x_wconf 89' lang='lat' dir='ltr'><strong>De</strong></span> <span class='ocrx_word' id='word_1_127' title='bbox 861 4135 1068 4230; x_wconf 87' lang='lat' dir='ltr'><strong>quadraturis</strong></span> <span class='ocrx_word' id='word_1_128' title='bbox 1089 4136 1131 4206; x_wconf 86' lang='lat' dir='ltr'><strong>ad</strong></span> <span class='ocrx_word' id='word_1_129' title='bbox 1155 4135 1277 4206; x_wconf 90' lang='lat' dir='ltr'><strong>Circuli</strong></span> <span class='ocrx_word' id='word_1_130' title='bbox 1303 4137 1335 4206; x_wconf 82' lang='grc' dir='ltr'><strong>8ι</strong></span> <span class='ocrx_word' id='word_1_131' title='bbox 1362 4135 1565 4230; x_wconf 81' lang='lat' dir='ltr'><strong>Hyperbolac</strong></span> <span class='ocrx_word' id='word_1_132' title='bbox 1590 4133 1826 4230; x_wconf 85' lang='lat' dir='ltr'><strong>quadraturam</strong></span> <span class='ocrx_word' id='word_1_133' title='bbox 1841 4157 1893 4204; x_wconf 85' lang='lat' dir='ltr'><strong>ro-</strong></span> <span class='ocrx_word' id='word_1_134' title='bbox 2166 4183 2167 4217; x_wconf 35' lang='lat' dir='ltr'><strong>q</strong></span> 
     </span>
     <span class='ocr_line' id='line_1_22' title="bbox 599 4229 2036 4328; baseline -0.001 -25"><span class='ocrx_word' id='word_1_135' title='bbox 599 4230 765 4304; x_wconf 84' lang='lat' dir='ltr'><strong>ducendis.</strong></span> <span class='ocrx_word' id='word_1_136' title='bbox 816 4229 1019 4312; x_wconf 66' lang='lat' dir='ltr'><strong>Rectificatio</strong></span> <span class='ocrx_word' id='word_1_137' title='bbox 1039 4229 1165 4326; x_wconf 85' lang='lat' dir='ltr'><strong>Ellipfis</strong></span> <span class='ocrx_word' id='word_1_138' title='bbox 1188 4233 1221 4302; x_wconf 83' lang='lat' dir='ltr'><strong>dc</strong></span> <span class='ocrx_word' id='word_1_139' title='bbox 1246 4231 1449 4328; x_wconf 81' lang='lat' dir='ltr'><strong>Hyperbolae</strong></span> <span class='ocrx_word' id='word_1_140' title='bbox 1471 4256 1542 4304; x_wconf 91' lang='lat' dir='ltr'><strong>non</strong></span> <span class='ocrx_word' id='word_1_141' title='bbox 1565 4233 1688 4324; x_wconf 85' lang='lat' dir='ltr'><strong>pendet</strong></span> <span class='ocrx_word' id='word_1_142' title='bbox 1711 4231 1753 4302; x_wconf 91' lang='lat' dir='ltr'><strong>ab</strong></span> <span class='ocrx_word' id='word_1_143' title='bbox 1777 4253 1892 4304; x_wconf 88' lang='lat' dir='ltr'><strong>earum</strong></span> <span class='ocrx_word' id='word_1_144' title='bbox 2030 4273 2036 4280; x_wconf 94' lang='lat'>·</span> 
     </span>
    </p>

    <p class='ocr_par' dir='ltr' id='par_1_9' title="bbox 571 4322 1893 4521">
     <span class='ocr_line' id='line_1_23' title="bbox 571 4322 1893 4426; baseline 0.002 -26"><span class='ocrx_word' id='word_1_145' title='bbox 571 4367 575 4374; x_wconf 91' lang='lat'>·</span> <span class='ocrx_word' id='word_1_146' title='bbox 599 4329 808 4426; x_wconf 88' lang='lat' dir='ltr'><strong>quadratura.</strong></span> <span class='ocrx_word' id='word_1_147' title='bbox 860 4331 913 4398; x_wconf 86' lang='lat' dir='ltr'><strong>De</strong></span> <span class='ocrx_word' id='word_1_148' title='bbox 931 4329 1017 4400; x_wconf 80' lang='lat' dir='ltr'><strong>Setis</strong></span> <span class='ocrx_word' id='word_1_149' title='bbox 1035 4322 1302 4400; x_wconf 83' lang='lat' dir='ltr'><strong>universaliffima</strong></span> <span class='ocrx_word' id='word_1_150' title='bbox 1326 4329 1369 4400; x_wconf 88' lang='lat' dir='ltr'><strong>ad</strong></span> <span class='ocrx_word' id='word_1_151' title='bbox 1388 4331 1612 4421; x_wconf 79' lang='lat' dir='ltr'><strong>quadraturas.</strong></span> <span class='ocrx_word' id='word_1_152' title='bbox 1652 4329 1706 4402; x_wconf 85' lang='lat' dir='ltr'><strong>De</strong></span> <span class='ocrx_word' id='word_1_153' title='bbox 1725 4329 1893 4423; x_wconf 82' lang='lat' dir='ltr'><strong>Trajedlo-</strong></span> 
     </span>
     <span class='ocr_line' id='line_1_24' title="bbox 598 4425 1890 4521; baseline -0.002 -21"><span class='ocrx_word' id='word_1_154' title='bbox 598 4427 654 4500; x_wconf 87' lang='lat' dir='ltr'><strong>riis</strong></span> <span class='ocrx_word' id='word_1_155' title='bbox 679 4425 979 4521; x_wconf 76' lang='lat' dir='ltr'><strong>orthogonalibus,</strong></span> <span class='ocrx_word' id='word_1_156' title='bbox 1845 4442 1890 4513; x_wconf 78' lang='lat'><strong>13</strong></span> 
     </span>
    </p>
   </div>
   <div class='ocr_carea' id='block_1_9' title="bbox 1806 4639 1890 4714">
    <p class='ocr_par' dir='ltr' id='par_1_10' title="bbox 1806 4639 1890 4714">
     <span class='ocr_line' id='line_1_25' title="bbox 1806 4639 1890 4714; baseline -0.036 0"><span class='ocrx_word' id='word_1_157' title='bbox 1806 4639 1890 4714; x_wconf 89' lang='lat' dir='ltr'><strong>VI.</strong></span> 
     </span>
    </p>
   </div>
   <div class='ocr_carea' id='block_1_10' title="bbox 0 0 2176 5526">
    <p class='ocr_par' dir='ltr' id='par_1_11' title="bbox 0 0 2176 5526">
     <span class='ocr_line' id='line_1_26' title="bbox 0 0 2176 5526; baseline 0 5"><span class='ocrx_word' id='word_1_158' title='bbox 0 0 2176 5526; x_wconf 95' lang='lat' dir='ltr'><strong> </strong></span> 
     </span>
    </p>
   </div>
  </div>
 </body>
</html>
