4184 5526
559 308 633 398 374'
724 305 1263 398 COMMERCIUM
1306 301 1862 392 BPJISTOLIGUM

412 439 505 550 ¹593
554 436 708 527 inutilis,
741 441 824 540 quia
845 443 1061 543 experientia
1081 439 1189 518 docet
1215 438 1397 542 prasentia
1421 438 1635 526 hominum,
1668 462 1798 518 eorum
1817 435 1948 515 scilicet

416 565 487 657 ¹Jul
551 550 664 632 halitu
698 557 735 631 ἃ
763 551 934 634 continua
958 557 1227 657 transpiratione
1256 555 1471 644 insensibili,
1505 565 1625 632 atrern
1646 559 1868 633 ambientem
1900 553 1946 630 al-

492 725 499 742 ,
551 671 676 758 terari,
710 672 866 774 ideoque
885 674 1063 774 liquorem
1097 677 1136 750 in
1165 673 1448 752 Thermometro
1487 672 1569 777 plus
1606 673 1701 770 justo
1717 671 1938 750 descendere

550 786 649 866 Huic
679 793 789 888 igitur
817 789 954 892 duplici
979 790 1217 870 incommodo
1247 791 1422 869 remederi
1443 790 1547 878 licet,
1579 787 1697 868 iiduo
1718 791 1825 867 nobis
1847 812 1946 866 com-

550 929 714 1006 paremus
739 907 1014 994 thennonretra,
1049 908 1236 986 ordinariis
1271 907 1420 996 fimilia,
1467 921 1620 1008 excepto
1657 907 1757 1008 quod
1792 907 1946 984 habeant
1992 975 1997 988 ,

547 1024 656 1100 tubos
676 1024 872 1111 varicosos,
899 1030 1006 1103 unius
1025 1027 1201 1104 varicibus
1221 1024 1355 1104 surium
1384 1017 1503 1126 (Fr'g.
1524 1051 1593 1126 79.
1610 1029 1628 1118 )
1660 1026 1698 1101 ἃ
1721 1009 1865 1101 alterius
1890 1048 1945 1099 va-

457 1194 464 1210 .
548 1143 681 1219 risibus
701 1141 868 1220 deorsum
901 1143 919 1234 (
933 1135 1027 1246 fig:
1044 1142 1148 1240 80.)
1174 1143 1421 1243 spedantibus·
1481 1141 1577 1220 lllud
1596 1144 1729 1239 eninr(
1752 1135 1837 1244 Fig.
1853 1141 1945 1241 79·)

549 1256 796 1351 observatori,
829 1259 912 1336 licet
935 1283 999 1358 per
1023 1275 1142 1335 toturn
1174 1259 1271 1336 diem
1305 1259 1467 1347 absenti,
1501 1261 1537 1336 dt
1570 1259 1634 1338 sub
1664 1258 1773 1336 finem
1804 1275 1944 1336 tanturn

550 1375 622 1450 diei
639 1376 864 1454 observatum
883 1377 1057 1463 redeunti,
1080 1377 1453 1456 ostenddtmaximum
1477 1375 1681 1453 descensum
1703 1376 1879 1477 liquoris,
1907 1375 1944 1451 id

549 1493 602 1568 est
627 1496 823 1602 maximum
844 1495 997 1592 gradum
1023 1493 1170 1577 caloris,
1204 1519 1314 1594 quem
1338 1505 1396 1570 atr
1421 1493 1486 1570 illo
1512 1493 1571 1570 die
1597 1493 1745 1588 habuit3
1777 1494 1815 1568 id
1844 1492 1942 1594 quod
2068 1523 2069 1600 Q

550 1633 701 1706 arguere
731 1614 863 1710 poterit
882 1637 927 1688 err
950 1610 1080 1687 infimis
1098 1613 1272 1689 varicibus
1292 1634 1335 1698 a,
1366 1603 1412 1703 b,
1437 1619 1554 1688 aerem
1577 1611 1868 1688 includentibus:
1897 1609 1942 1687 al·
2068 1601 2069 1620 ³

549 1741 669 1804 terum
696 1752 782 1803 vero
808 1721 918 1832 (Fig.
947 1728 1046 1824 80,)
1074 1729 1325 1806 determinabit
1344 1731 1542 1806 maximum
1561 1726 1739 1806 ascensum
1766 1729 1938 1828 liquoris,

550 1844 611 1922 seu
633 1849 830 1924 maximum
850 1845 1003 1946 gradum
1031 1845 1176 1943 frigoris
1197 1848 1371 1924 varicibus
1394 1869 1525 1946 nempe
1545 1844 1690 1923 summis
1711 1870 1753 1932 c,
1775 1846 1826 1941 d3
1859 1869 1942 1944 pau-

546 1961 678 2040 xillunr
699 1962 848 2063 liquoris
879 1964 1122 2040 retinentibus.
1184 1961 1286 2042 Dum
1317 1962 1393 2041 haec
1413 1962 1528 2040 scribo
1554 1962 1661 2040 rideo
1675 1985 1753 2039 non
1770 1987 1865 2063 opus
1878 1959 1940 2038 else
2068 2011 2069 2046 ;

547 2079 691 2158 duobus
722 2080 1012 2168 thermoruetris,
1053 2103 1170 2158 unum
1205 2084 1302 2157 eninr
1329 2095 1523 2182 utrumque
1546 2081 1708 2183 praestare
1731 2084 1884 2179 poterit,
1914 2077 1939 2154 li
2068 2089 2069 2178 j

545 2220 679 2296 nempe
696 2199 834 2274 constet
859 2199 951 2276 tubo
971 2201 1168 2275 contrarios
1188 2197 1340 2274 habente
1369 2201 1526 2284 varices,
1549 2210 1591 2274 ut
1621 2197 1703 2274 heic
1724 2196 1939 2274 delineatum

548 2315 632 2390 ride
651 2305 764 2418 (Fig.
791 2315 892 2413 81.)
914 2315 1113 2402 Caeterum,
1147 2315 1221 2391 lroc
1239 2314 1353 2392 nrodo
1381 2315 1569 2418 explorare
1592 2311 1773 2413 pollemus
1813 2313 1933 2390 limites
2068 2379 2069 2384 Ν

544 2429 764 2510 intensrlluni
779 2431 924 2532 frigoris
940 2434 978 2509 &
1006 2429 1251 2508 ferventissimi
1274 2427 1510 2510 aestus'totius
1538 2435 1645 2524 anni;
1686 2430 1747 2509 sed
1772 2427 1854 2508 talis
1879 2429 1934 2506 tli-

543 2549 685 2649 gendus
704 2546 788 2628 esset
803 2549 949 2650 liquor,
983 2555 1046 2652 qui
1080 2553 1117 2628 in
1149 2551 1323 2628 varicibus
1347 2574 1393 2638 c,
1425 2546 1469 2634 d,
1502 2549 1552 2624 ob
1581 2547 1766 2626 modicam
1801 2535 1939 2660 quanti-

544 2681 654 2750 tatem
678 2670 756 2745 non
777 2665 1017 2745 exsrccaretur.
1642 2733 1657 2746 ,

603 2782 700 2875 Quae
727 2807 785 2858 me
808 2807 853 2862 err
875 2781 976 2860 Dno.
1007 2781 1338 2862 Vrnrououro
1365 2808 1521 2884 quaerere
1536 2785 1664 2881 Jubes,
1698 2783 1834 2860 curabo
1863 2781 1938 2858 dili-

407 2915 411 2927 “
545 2915 692 2998 genter,
725 2915 767 2977 ut
794 2899 839 2978 ad
870 2901 1035 2988 notitiam
1052 2887 1269 3002 ⁸perveniant
1296 2901 1423 2978 Tuam.
1485 2899 1565 3000 Ego
1591 2903 1697 2976 etiam
1728 2899 1820 2999 legi,
1865 2923 1939 2999 que

547 3015 960 3100 Vatruuourrus
989 3017 1034 3094 de
1063 3018 1326 3118 Geographicis
1348 3019 1480 3106 habet,
1512 3017 1653 3095 videtur
1691 3015 1776 3094 ideo
1817 3017 1940 3114 impri-

546 3138 615 3214 mis
640 3137 856 3234 impugnare
878 3135 1117 3212 comestiones
1139 3136 1340 3213 Academiae
1357 3135 1601 3220 scientiarum,
1629 3148 1670 3210 ut
1684 3131 1940 3242 tantoliberius

546 3252 733 3356 depectere
753 3249 883 3351 poffit,
917 3249 1019 3329 suurn
1038 3253 1253 3354 popularem
1275 3252 1350 3330 De
1395 3253 1519 3340 Fun,
1555 3253 1656 3349 cujus
1679 3249 1836 3328 Tabulas
1871 3251 1940 3326 istis

546 3369 829 3451 comestionibus
851 3367 1014 3447 fundatas
1038 3366 1119 3472 [ut
1143 3370 1218 3466 ait]
1246 3367 1397 3469 turpiter
1423 3369 1587 3446 traducit.
1650 3365 1859 3444 Maximum
1888 3390 1941 3443 ar.

546 3501 765 3590 gumentum
786 3511 863 3587 quo
882 3490 1028 3574 nititur,
1061 3484 1220 3588 estquod
1233 3485 1331 3575 dicit,
1351 3485 1623 3586 longitudinum
1640 3483 1857 3561 differentias
1876 3506 1939 3583 pet

547 3603 700 3708 Eclipses
725 3603 974 3682 determinatas
989 3603 1126 3704 semper
1154 3606 1247 3700 justo
1272 3606 1430 3680 minores
1456 3599 1546 3690 elle,
1576 3604 1662 3680 teste
1689 3603 1935 3700 experientia,

549 3748 658 3825 quarn
697 3719 804 3798 rel'ert
843 3721 889 3796 de
923 3725 1113 3798 certamine
1145 3713 1379 3823 Hispanorum
1414 3722 1451 3796 &
1488 3713 1805 3822 Parrugallorum,
1848 3742 1938 3818 quo·
2068 3809 2069 3812 p

475 3917 477 3920 .
545 3865 627 3918 rum
652 3841 795 3938 utrique
824 3831 1031 3941 saponem,
1064 3837 1214 3938 aliasque
1245 3841 1410 3937 regiones
1436 3839 1529 3913 circa
1554 3835 1684 3948 lineum
1708 3832 1938 3942 demarcuit-
2068 3861 2069 3948 ζ

542 3960 601 4034 nis
633 3954 733 4042 srtas,
774 3960 812 4032 in
845 3955 948 4034 suum
976 3953 1297 4054 Henrisphaerium,
1337 3951 1477 4054 apapa
1519 3953 1674 4054 utrisque
1703 3949 1936 4049 assignatum,
2068 3979 2069 4018 ι

543 4070 794 4160 transtulerunt
824 4069 1018 4174 Eclipsrbus
1050 4074 1136 4148 nixi.

406 4264 411 4272 ,
515 4268 517 4281 ,
605 4186 757 4270 Gaudeo
777 4211 895 4264 meam
924 4194 1101 4267 rationem
1126 4186 1392 4275 denmnstraudi
1415 4184 1783 4264 Tautochronisnrum
1814 4175 1937 4286 Hage-

515 4294 693 4394 ¹murrum
723 4309 746 4356 ’t
775 4301 861 4382 Tibi
886 4305 1044 4405 placere:
1077 4305 1163 4386 scire
1182 4305 1311 4384 vellem
1331 4330 1377 4384 an
1406 4303 1525 4384 lucem
1546 4303 1702 4391 viderit,
1749 4315 1810 4380 aut
1851 4299 1940 4493 qudid
2068 4317 2069 4320 ‘

1917 4441 1941 4494 e

585 4557 604 4595 ⁸
624 4559 684 4627 aa
707 4559 792 4628 Erud,
821 4558 909 4644 1698,
923 4559 989 4638 lun.
1016 4579 1080 4640 pag.
1093 4567 1161 4641 267.
1182 4563 1229 4626 ael
1245 4563 1321 4646 opp.
1345 4564 1429 4632 Tum.
1442 4563 1467 4634 1.
1478 4561 1535 4643 NP.
1548 4563 1648 4630 xliv.
1660 4582 1723 4644 pag.
1744 4563 1811 4639 248.

335 4625 357 4662 δ
