4222 5534
239 339 564 432 imiimi
590 345 664 424 Ei*
688 339 1283 462 aranonrtrr,rrrre.
1308 333 1405 446 ω).
1494 327 1568 434 285

166 501 345 604 quicquid
364 523 440 578 non
463 491 633 598 aquovis
657 496 786 574 redimi
805 496 943 596 potest,
977 499 1159 598 curiosum
1196 501 1308 600 magis
1339 520 1449 600 quam
1476 497 1566 576 utile
1621 527 1726 628 1697'

166 621 242 704 ests
274 643 343 696 nec
355 621 515 695 triremes
539 612 674 712 scaphis
690 615 917 714 praestarent,
949 637 1018 694 nec
1036 632 1216 694 tormenta
1235 617 1409 716 sclopetis.
1469 613 1566 694 Illud
1631 639 1713 731 Juu,

168 740 341 835 quaeritur
358 759 480 812 annon
499 731 589 811 ultra
611 736 889 832 proportionem
908 729 1090 814 sumtuum
1111 735 1219 811 etiam
1249 733 1391 810 effertus
1426 731 1580 810 crescat.

166 847 347 954 Equidem
366 853 584 931 Monens
596 873 623 924 u
636 865 659 924 u
672 873 687 924 s
699 851 736 924 in
756 846 918 952 Angliae,
952 851 1066 929 Tubae
1078 853 1263 928 'stentoreae
1277 851 1425 939 author,
1444 849 1565 928 Rhab-

166 968 356 1069 dologiam
376 969 421 1046 ex
451 967 584 1046 baculis
606 967 644 1041 in
669 965 890 1066 cylindrulos
910 970 1105 1057 transtulit,
1140 969 1392 1045 &additiones
1420 969 1567 1046 auxilia-

165 1109 223 1162 res
257 1089 395 1187 peragit
420 1091 458 1162 in
486 1083 647 1183 adJunita
673 1083 843 1160 Machina
878 1083 1105 1164 additionum
1133 1077 1354 1185 Pascalim.
1414 1083 1474 1164 De
1496 1109 1567 1186 qua

165 1227 208 1279 re
230 1205 267 1279 de
297 1203 449 1284 Librum
465 1200 606 1303 scripit
651 1201 740 1278 Tale
758 1201 847 1301 qnid
875 1203 957 1300 post
977 1202 1094 1308 ipsum
1119 1203 1204 1280 fecit
1226 1203 1565 1281 &Garrrerus

167 1313 324 1416 Gallus3
355 1321 413 1398 sed
440 1324 563 1398 omnia
583 1320 645 1396 ista
671 1317 774 1394 nihili
797 1319 870 1394 fere
895 1318 998 1407 sunt,
1031 1319 1239 1420 nullamque
1255 1320 1450 1397 notabilem
1465 1319 1571 1419 prat·

164 1453 244 1516 tant
267 1438 467 1516 utilitatem.
529 1435 610 1535 Ego
631 1437 703 1534 jam
730 1434 1059 1534 praedixeramcum
1083 1437 1359 1536 Rhabdologia,
1393 1451 1454 1513 aut
1481 1437 1566 1512 inde
1607 1493 1609 1497 ψ

164 1555 345 1644 deduttis,
379 1554 470 1631 nihil
492 1557 525 1630 ei
554 1553 791 1630 instrumento
819 1575 1015 1630 commune
1042 1551 1128 1642 effe,
1163 1555 1263 1656 quod
1284 1513 1364 1653 egd
1373 1555 1452 1631 sum
1466 1577 1568 1629 com-

161 1689 316 1752 mentus.
348 1671 641 1771 Descriptionem
669 1671 742 1766 ejus
765 1668 848 1746 dare
870 1685 1070 1748 accuratam
1095 1695 1150 1748 res
1177 1695 1254 1748 non
1275 1670 1386 1746 facilis
1410 1671 1504 1747 foret
1533 1676 1565 1746 ⁹⁶.

162 1789 225 1870 De
246 1790 373 1867 effetiu
394 1815 440 1865 ex
463 1813 508 1864 eo
542 1787 774 1886 iudicaretis,
820 1787 922 1888 quod
946 1787 991 1864 ad
1024 1787 1339 1889 multiplicandum
1374 1811 1567 1867 numerum

163 1909 225 1986 sex
250 1896 486 2008 figurarum[
522 1899 680 2004 exempli
711 1905 860 2000 gratia]
899 1923 1017 1987 rotam
1042 1904 1236 2006 quamdam
1272 1917 1414 1982 tantum
1457 1904 1567 1980 sexies
1634 1935 1637 1942 ⁴
1759 1915 1762 1926 '

166 2010 286 2126 gyrari
312 2020 447 2100 neceffe
485 2023 553 2109 est,
587 2020 686 2099 nulla
707 2019 772 2096 alia
791 2044 901 2122 opera
919 2018 1075 2110 mentis,
1107 2023 1215 2100 nullis
1237 2021 1480 2099 additionibus
1512 2024 1567 2096 in·
1684 2075 1686 2080 -

164 2141 446 2220 terrenientibus
454 2165 466 2236 3
500 2162 574 2239 quo
588 2139 707 2226 fano,
740 2141 924 2236 integrum
943 2139 1217 2240 absolutumque
1239 2139 1460 2242 productum
1479 2162 1568 2216 ocu-

164 2261 210 2336 lis
236 2261 435 2356 objicietur.
496 2255 598 2334 Idem
628 2257 677 2331 est
698 2255 743 2332 de
779 2254 970 2344 divifione,
1003 2258 1068 2334 ubi
1082 2256 1185 2334 nullo
1206 2259 1244 2331 in
1258 2256 1453 2358 quaerendo
1475 2277 1567 2358 quo·
1713 2353 1717 2366 Ι

164 2381 279 2455 tiente
296 2400 388 2476 opus
415 2376 465 2450 est
482 2387 728 2461 tentamenta,
759 2371 1128 2474 subtradionibusque
1159 2371 1277 2451 nullis.
1340 2371 1474 2451 Coram
1502 2372 1568 2449 Ti-

26 2503 39 2518 “
91 2537 94 2544 ,
165 2495 206 2572 bi
229 2493 415 2570 ostendere
434 2489 657 2577 machinam,
690 2492 786 2593 intus
809 2491 848 2564 dc
869 2507 992 2577 extra,
1025 2489 1115 2585 mihi
1135 2489 1328 2592 aliquando
1363 2487 1569 2588 jucundillr-

167 2635 270 2690 mum
296 2611 372 2688 erit.
433 2607 523 2686 Non
551 2607 601 2682 est
625 2603 712 2682 satta
725 2603 801 2706 pro'
818 2605 900 2696 his,
933 2609 997 2708 qui
1012 2607 1109 2684 olera
1134 2623 1194 2686 aut
1207 2605 1362 2709 pisculos
1393 2605 1567 2694 vendunt,

167 2727 228 2829 sed
251 2753 328 2828 pro
342 2723 589 2804 observatoriis
609 2737 670 2801 aut
688 2721 847 2802 Cameris
869 2738 1153 2825 computorum,
1187 2739 1248 2803 aut
1271 2725 1370 2812 aliis,
1404 2723 1570 2824 quisunt-

167 2861 226 2924 tus
259 2842 362 2922 facile
382 2844 502 2920 ferunt
526 2843 563 2916 δι
590 2840 708 2918 multo
734 2841 874 2920 calculo
898 2857 1016 2940 egent.
1077 2840 1198 2918 Video
1239 2841 1380 2920 Duum.
1410 2841 1482 2919 Dr
1513 2865 1570 2918 an
1621 2911 1627 2918 .

167 2961 295 3043 Hrar
323 2975 511 3062 expertum
525 2953 610 3046 elle,
643 2972 780 3059 quanto
799 2957 936 3037 facilius
956 2957 999 3037 fit
1015 2958 1217 3068 Analyticas
1236 2961 1372 3037 nostras
1390 2955 1572 3036 Demons-

167 3083 340 3157 trationes
367 3077 589 3154 solutionum
615 3077 819 3154 nostrarum
865 3091 1002 3153 vertere
1025 3079 1064 3154 iu
1090 3075 1327 3178 syntheticas,
1370 3098 1482 3176 quam
1515 3071 1571 3150 so-

168 3189 326 3274 lutiones
358 3194 484 3272 talium
507 3190 778 3270 Problematunr
801 3216 866 3292 per
888 3192 921 3270 se
939 3195 1110 3270 invenire.
1440 3239 1449 3256 κ

228 3309 560 3392 Animadveriiones
587 3333 675 3391 meae
697 3312 735 3385 in
748 3309 890 3389 Partem
916 3309 1121 3410 generalem
1135 3303 1395 3414 Principiorurrr
1421 3298 1570 3411 Cartrſs-

170 3423 319 3509 ariorum
355 3429 482 3532 scripta
518 3426 664 3505 suntad
699 3441 846 3530 captum
876 3427 1089 3514 Leitorum,
1123 3431 1186 3528 qui
1222 3422 1462 3530 profundiora
1493 3447 1572 3508 nou

169 3553 364 3649 attingrmt.
799 3617 803 3622 ,

229 3663 345 3760 Quod
370 3662 525 3741 Domini
543 3651 688 3737 Fratris
710 3661 784 3741 Tui
801 3661 992 3742 Problema
1015 3662 1162 3750 attinet,
1194 3664 1321 3763 utique
1358 3683 1489 3750 curva,
1527 3683 1573 3738 ex

166 3783 332 3886 pluribus
355 3778 511 3879 ejusdem
531 3775 654 3876 baseos
685 3781 722 3855 &
736 3779 883 3881 speciei,
915 3805 935 3856 a
959 3778 1044 3855 dato
1064 3779 1219 3881 punito,
1253 3776 1456 3856 brevissimo
1481 3794 1573 3855 tem-

166 3925 283 4004 pore,
315 3897 360 3977 ad
384 3895 501 3974 datam
527 3893 658 3971 retiam
679 3897 923 3998 appellentem'
943 3896 1033 3972 mihi
1054 3919 1124 3995 ope
1145 3895 1364 3997 Synchronae
1392 3894 1573 3995 eleganter

169 4017 339 4096 exhibere
364 4014 518 4108 videris3
549 4037 634 4088 nam
652 4015 700 4090 ita
725 4035 804 4120 rem
828 4015 966 4114 praestas
989 4012 1253 4090 construetione
1296 4011 1429 4089 lineari.
1492 4009 1573 4111 Ego

167 4137 290 4235 primo
310 4132 447 4237 aspeihr
467 4130 621 4208 modum
636 4130 818 4208 observavi
830 4143 1070 4233 parametrum
1090 4129 1193 4206 lineae
1204 4127 1355 4232 quaeiitae
1366 4129 1572 4216 exhibendi,

167 4261 326 4332 numero
360 4250 602 4352 quamnmrvis
628 4263 823 4342 accurato,
856 4251 998 4353 quoties
1026 4244 1224 4348 algebraice
1247 4247 1371 4326 haberi
1400 4272 1476 4325 non
1507 4247 1576 4344 po-

175 4359 182 4368 ’
228 4363 331 4446 Tam.
364 4363 398 4449 I.
702 4421 704 4426 -
966 4363 1005 4446 0
1035 4389 1061 4444 0
1485 4361 1570 4450 test,

172 4483 184 4490 κ
224 4511 247 4560 a
268 4507 405 4584 Aliquam
424 4507 487 4566 aide
504 4505 536 4565 in
548 4498 736 4570 miscellaneis
748 4500 975 4594 Berolinensrbus
994 4499 1080 4565 Tum.
1095 4499 1117 4566 1.
1140 4501 1210 4566 Part.
1228 4501 1270 4578 ς’.
1301 4487 1356 4579 N‘t'
1370 4517 1411 4580 3¹·
1440 4512 1552 4575 p.317.
