4168 5524
294 283 603 358 LElBNiTli
639 277 1308 369 rhadamanthum.
1334 281 1445 358 xcn.
1519 299 1590 376 45¹

177 425 232 511 ‘le
262 429 439 533 &posse3
470 431 679 535 quidquid
667 427 740 530 Jam
765 429 808 507 fit
826 427 871 506 de
888 423 1112 508 distindione
1138 431 1232 508 inter
1250 428 1451 509 absolutam
1467 429 1504 506 &
1525 426 1592 528 hy·
1639 447 1734 530 1699
1830 475 1856 535 χ

191 549 414 657 potheticam
439 547 684 628 necessitatem
1629 539 1710 634 Jun

114 663 128 674 “
249 666 392 744 Vellem
412 668 503 742 mihi
525 667 747 767 geometrice
767 662 1044 770 demonstrares,
1062 661 1170 742 liuida
1185 661 1315 742 habere
1335 662 1592 764 poiseomnrm

189 781 295 862 usum
315 807 424 884 quem
446 807 577 874 vacua,
611 783 668 860 sed
693 805 804 860 vacua
832 806 909 858 non
930 805 1081 858 ornnem
1109 803 1219 882 quern
1240 779 1358 860 fluida.

191 919 198 930 ·
250 897 350 1000 Ergo
374 901 543 977 concedis
568 900 663 978 ideas
682 897 864 986 confusas,
897 923 976 976 non
1003 898 1118 979 modo
1152 887 1326 979 machinis
1352 897 1591 983 neutralibus,

188 1013 251 1096 fed
275 1020 382 1094 etiam
402 1022 518 1095 curvis
537 1016 647 1094 libera
665 1040 775 1094 manu
797 1015 910 1094 dusiis
936 1013 1034 1116 polle
1056 1018 1267 1115 comparari.
1327 1014 1393 1094 llla
1406 1014 1471 1094 alia
1486 1037 1594 1113 argu·
1665 1085 1667 1092 ,

192 1147 314 1212 menta
332 1157 412 1236 quae
424 1125 510 1212 Tibi
536 1147 664 1212 contra
686 1157 797 1212 vacua
827 1134 864 1208 &
881 1147 1023 1210 atomos
1050 1129 1221 1232 superesse
1243 1130 1357 1222 dicia,
1389 1155 1520 1230 magna
1535 1153 1594 1206 me
1668 1223 1673 1234 ,

128 1269 133 1274 ·
191 1251 379 1351 voluptate
406 1248 615 1340 afficerent,
639 1250 665 1327 sr
692 1275 732 1328 ea
752 1247 844 1327 mihi
861 1247 1131 1328 communicare
1157 1249 1334 1348 digneris3
1358 1240 1473 1326 fateor
1495 1249 1595 1326 enim

191 1367 238 1446 de
263 1391 393 1446 eorum
411 1365 617 1470 impossibili
639 1369 822 1446 existentia
842 1389 901 1444 me
921 1365 1090 1446 nondum
1113 1364 1391 1445 demonstrative
1414 1364 1480 1443 esse
1507 1387 1596 1442 con·
1624 1413 1626 1416 -
1687 1424 1697 1448 .

192 1485 337 1563 rislum.
407 1505 412 1513 ·

194 1623 200 1634 ·
254 1600 392 1681 Gratias
419 1623 489 1702 ago
509 1625 580 1700 pro
608 1603 944 1682 communicatione
964 1599 1136 1700 elegantis
1164 1593 1441 1699 Epigrammatis
1471 1599 1546 1678 Tui
1560 1601 1599 1677 in

193 1713 384 1798 Pittacum
395 1713 669 1818 scedularum·
722 1717 820 1798 Cum
844 1719 900 1810 Te
928 1719 966 1793 in
993 1720 1096 1795 omni
1116 1714 1343 1794 scientiarum
1367 1741 1499 1815 genere
1520 1739 1600 1794 ver·

193 1832 397 1913 satilhnrurn
411 1833 552 1924 vsciam,
585 1859 662 1912 non
681 1836 797 1912 miror
812 1834 875 1914 ‚Te
900 1833 1007 1912 etiam
1027 1830 1094 1910 effe
1117 1831 1286 1921 Poetam,
1319 1836 1358 1910 dc
1382 1833 1473 1910 mihi
1491 1837 1602 1910 inter-

196 1949 285 2029 dum
316 1933 442 2051 praeter
461 1950 558 2050 spem
588 1975 677 2027 vena
700 1950 865 2030 luxuriat.
897 1951 969 2028 Sed
996 1950 1098 2052 quod
1129 1949 1220 2026 mihi
1245 1964 1327 2028 ante
1346 1975 1482 2028 annum
1506 1949 1603 2028 exci-

136 2133 143 2145 .
194 2067 250 2145 dit
269 2065 518 2168 Epigramma,
551 2069 666 2144 statim
685 2069 767 2167 post
794 2068 894 2146 litem
922 2067 1021 2146 illam
1049 2091 1135 2146 cum
1158 2066 1361 2168 Theologis
1389 2065 1602 2168 quibusdam

140 2239 144 2248 ·
195 2187 409 2285 inceptam,
442 2207 569 2263 eorum
590 2183 773 2262 choleram
797 2190 838 2262 in
869 2201 1008 2264 tantum
1039 2185 1229 2272 excitavit,
1263 2200 1305 2263 ut
1333 2185 1494 2287 undique
1516 2197 1600 2262 atrae
1727 2276 1731 2285 Ι

196 2296 314 2378 nubes
333 2299 435 2402 supra
463 2316 571 2402 caput
597 2325 720 2377 meum
754 2299 790 2376 se
816 2301 851 2378 se
875 2301 1148 2388 contrahentes,
1175 2301 1355 2379 exitialem
1368 2302 1599 2380 lminarentur
1649 2373 1653 2376 .

193 2416 394 2518 procellam
414 2442 425 2512 ;
456 2416 515 2494 sed
542 2441 642 2496 exea
670 2417 759 2496 evasi
780 2418 919 2506 salvus,
953 2420 1100 2517 &ignis
1118 2416 1260 2496 videtur
1283 2423 1437 2496 omnino
1460 2421 1599 2496 extinc-

197 2546 275 2622 tus,
308 2536 498 2636 postquam
523 2532 709 2612 novillime
735 2533 1011 2636 disputationem
1035 2537 1073 2612 in
1097 2535 1190 2614 hanc
1213 2559 1289 2611 rem
1323 2547 1410 2615 cuin
1434 2535 1600 2623 Theolo-

197 2653 254 2752 gis
278 2651 349 2728 istic
386 2648 606 2740 habuissem,
639 2651 702 2736 sub
730 2652 931 2730 incredibili
962 2649 1135 2730 confluxu
1164 2651 1412 2741 Auditorum,
1446 2655 1510 2756 qui
1539 2676 1599 2731 me
1746 2751 1749 2760 Δ

197 2764 459 2872 Philosophum
488 2766 695 2866 theologice
718 2769 956 2870 disputantem
984 2793 1170 2871 nunquam
1188 2784 1289 2847 antea
1312 2772 1532 2850 audiverant.
1560 2767 1599 2847 Si

199 2881 504 2985 disputationem,
536 2907 646 2984 quarn
673 2889 710 2962 in
737 2910 822 2964 eum
848 2884 958 2975 linem
990 2886 1199 2988 composui,
1219 2887 1338 2986 legere
1365 2887 1594 2976 defiderares.

199 2999 337 3104 polleni
360 3001 439 3080 data
464 3000 649 3078 occasione
673 3003 853 3107 exemplar
887 3003 964 3101 ejus
987 2998 1073 3082 Tibi
1105 2989 1348 3081 transmittere.
1410 3004 1447 3081 Si
1467 2999 1596 3092 scires,

199 3133 376 3216 quantum
397 3119 457 3195 hic
473 3115 588 3222 pulsus
614 3117 743 3196 fuerim
762 3123 807 3198 ab
833 3123 961 3220 ineptis
987 3120 1225 3210 hominibus,
1258 3121 1295 3195 &
1326 3119 1500 3220 imperitis
1526 3121 1597 3198 istis

200 3232 423 3322 misomufis,
455 3259 533 3324 non
562 3235 690 3314 dubito
714 3241 802 3338 quin
820 3236 894 3316 mei
915 3235 1108 3315 misereris:
1129 3233 1293 3326 sufficit,
1317 3235 1344 3314 fi
1371 3237 1510 3328 habeor,
1529 3259 1598 3339 pro

199 3363 397 3446 novatore3
429 3375 496 3452 pro
518 3354 765 3456 introductore
787 3353 961 3456 sapientia
980 3352 1176 3432 Theatralis
1198 3357 1278 3444 [ita
1296 3353 1503 3454 appellitant
1515 3351 1599 3433 Phi-

199 3466 401 3568 losophiam
427 3461 776 3568 Experimentalem]
798 3494 905 3569 quam
930 3467 1010 3548 heic
1034 3473 1171 3569 primus
1193 3466 1333 3559 doceo,
1365 3486 1406 3550 ut
1425 3470 1490 3550 suo
1510 3471 1599 3552 odio

201 3609 262 3662 me
290 3585 444 3684 dignum
471 3599 609 3684 putent.
669 3583 786 3663 Tanta
813 3588 863 3664 est
884 3587 980 3686 apud
997 3577 1271 3664 'homunciones
1300 3589 1384 3664 istos
1415 3590 1601 3670 bonorum
1682 3637 1683 3642 Ν

113 3743 117 3750 ·
201 3700 403 3804 studiorum
422 3701 568 3780 nausea!
599 3699 1003 3808 Tantuscontemptus!
1034 3702 1103 3805 Ipsi
1129 3706 1285 3805 quippe,
1306 3728 1391 3784 cum
1414 3705 1506 3784 nihil
1518 3711 1600 3787 mo-'

201 3817 338 3896 liuntur
359 3817 461 3919 quod
483 3818 660 3898 laudabile
686 3821 756 3909 est,
789 3819 864 3897 aliis
889 3819 1030 3899 laudem
1061 3821 1233 3898 invident.

263 3933 375 4012 Multi
392 3958 438 4012 ex
456 3933 676 4014 Academicis
690 3927 935 4038 Parifienfibus
947 3961 1023 4014 non
1041 3937 1158 4020 solum
1179 3935 1269 4014 mihi
1285 3935 1363 4019 sunt
1385 3943 1523 4042 ignoti,
1542 3941 1601 4020 sed
1761 4013 1767 4020 .

203 4054 332 4152 etiam,
354 4075 450 4156 ³cunr
482 4045 633 4154 Parifiis.
651 4077 823 4152 agerem,
856 4054 1022 4132 nondum
1044 4069 1144 4132 erant
1169 4061 1313 4156 recepti,
1343 4053 1521 4152 Nondum
1543 4083 1601 4136 ac-

204 4170 285 4267 cepi
319 4166 549 4270 Rcceptionis
570 4168 750 4260 Bullarn,
791 4194 899 4272 quam
927 4168 995 4246 Va
1010 4161 1300 4252 nrouourus
1329 4177 1465 4274 jamdiu
1494 4173 1602 4276 strip

202 4283 245 4382 sit
269 4283 357 4361 mihi
377 4287 492 4363 statim
518 4281 660 4364 nullum
681 4284 724 4364 iri
747 4310 810 4387 per
839 4288 1017 4368 lllustrem
1036 4290 1351 4369 Bronourun.
1398 4287 1499 4387 Quid
1515 4306 1605 4375 cau·

203 4397 249 4477 sac
276 4398 318 4478 sit
342 4401 444 4506 quod
476 4401 643 4482 nondrun
679 4410 911 4508 acceperim,
933 4406 1091 4486 divinare
1117 4432 1193 4486 non
1216 4407 1382 4508 possumz
1412 4434 1457 4488 an
1483 4407 1602 4488 Tuam

919 4523 1012 4602 Lll
1076 4545 1124 4606 ax
1504 4547 1604 4606 acce-
