4168 5524
494 243 571 316 432
686 189 1755 320 coronaverumarrrrorroum,

749 528 1236 671 errorum
1292 526 1630 620 errvrr.

494 715 1075 834 ueurvo'umr
1134 741 1247 832 AD
1306 738 1894 836 rerun1r1um.

797 965 1067 1110 R.espons10
1120 965 1185 1072 od
1224 962 1617 1108 penultimam·

416 1205 419 1212 ¹
495 1223 548 1290 De
572 1213 771 1289 monadibus.
824 1205 875 1288 De
900 1221 962 1288 Dei
982 1215 1131 1288 libertate.
1186 1223 1235 1289 De
1263 1241 1361 1288 oactm
1380 1209 1425 1300 Εέ
1453 1217 1587 1286 monuo.
1640 1217 1692 1286 De
1711 1218 1897 1288 Commereio

544 1324 651 1387 areima
671 1337 739 1384 cum
764 1331 900 1408 empore.
955 1321 1005 1386 De
1030 1301 1278 1396 habebimur
1292 1334 1365 1386 ortu
1383 1308 1429 1396 &5
1446 1319 1584 1384 moine.
1617 1315 1668 1385 De
1690 1311 1895 1412 infititesmu'r.

546 1420 598 1486 De
611 1414 748 1504 Historia
768 1411 937 1486 Academia
960 1407 1009 1498 ἓξ
1030 1411 1233 1504 Ρανὶῇευῇς.’
1267 1419 1317 1486 De
1341 1406 1522 1507 Phosphoro.
1577 1490 1583 1496 ,

494 1601 571 1690 Vir
601 1601 840 1718 Amplissme
869 1631 986 1725 atque
1018 1573 1315 1694 Celeberrimos
1358 1599 1500 1691 Fauror
1529 1597 1869 1692 Honoratiffimel
1927 1647 1939 1668 ι

500 2022 717 2226 ADno.
750 2024 995 2104 Voununo
1024 2025 1115 2104 nihil
1146 2023 1313 2104 hasienus
1343 2018 1499 2128 responsr
1520 2027 1666 2125 accepi3
1699 2023 1795 2103 sorte
1822 2023 1897 2102 sor·
1978 2045 1982 2056 ·

624 2141 755 2220 malem
782 2159 881 2243 parat
906 2141 1181 2244 responsionem.
1214 2143 1307 2236 Quae
1330 2143 1420 2222 Tuis
1446 2141 1570 2218 litteris
1590 2140 1634 2219 ad
1650 2165 1735 2220 eum
1751 2142 1797 2218 de
1811 2165 1896 2218 meo

497 2258 637 2354 adjeci,
671 2259 757 2337 Tibi
782 2265 855 2360 jam
875 2264 918 2337 in
946 2259 1233 2365 praecedentibus
1260 2263 1349 2340 meis
1374 2262 1498 2336 omnia
1531 2261 1677 2335 narravi.
1740 2258 1896 2358 Scrupu-

495 2375 550 2450 los
572 2377 746 2474 quosdam
763 2402 888 2466 meos,
922 2402 1014 2479 quos
1037 2378 1208 2479 putabam
1227 2374 1469 2453 Voununo
1492 2378 1599 2452 etiam
1614 2374 1772 2453 subnasci
1784 2372 1892 2476 posse,

495 2494 533 2568 &
556 2491 652 2572 Tuas
675 2520 804 2574 eorum
833 2494 1093 2583 enodatiores,
1126 2517 1173 2572 ex
1203 2495 1426 2571 commercio
1452 2493 1575 2570 nostro
1599 2491 1808 2592 fimpliciter
1836 2517 1898 2570 ex-

495 2627 657 2708 cerptas,
692 2611 758 2711 ipsi
788 2611 986 2709 transmis13
1017 2615 1147 2713 partim
1170 2625 1213 2688 ut
1242 2633 1342 2688 novo
1368 2609 1598 2711 concipiendi
1626 2608 1741 2687 labori
1775 2633 1897 2709 parce·

494 2749 599 2822 rem3
632 2731 763 2828 partim
780 2743 821 2807 ut
847 2728 1033 2806 historiam
1057 2731 1094 2806 ἃ
1115 2728 1289 2816 modurn,
1325 2749 1400 2830 quo
1424 2725 1526 2805 Tuus
1555 2725 1634 2805 sum
1659 2726 1771 2806 suibus
1798 2727 1896 2803 vide-

495 2857 588 2928 ret,
623 2869 690 2922 nec
708 2860 843 2922 temere
868 2846 991 2936 sorte,
1025 2847 1081 2923 vel
1102 2846 1147 2922 ad
1170 2845 1257 2922 Tibi
1279 2844 1603 2945 complacendvun,
1635 2841 1675 2920 in
1699 2846 1808 2922 costra
1817 2844 1897 2923 Tua

494 2953 660 3039 transtisse
686 2986 744 3040 me
780 2965 1003 3042 existimaret.
1066 2963 1108 3041 In
1136 2962 1365 3062 Argumento
1390 2962 1474 3041 Tuo
1498 2985 1517 3037 a
1538 2963 1652 3066 priori
1682 2961 1729 3038 de
1749 2961 1896 3039 aestima-

492 3082 595 3157 tione
616 3081 788 3168 astionis„
821 3080 912 3159 illud
936 3080 1152 3169 virtualiter,
1188 3077 1442 3156 &formaliter
1463 3100 1541 3153 non
1579 3076 1708 3167 omisr,
1741 3080 1824 3179 quia
1851 3077 1895 3155 de

492 3197 680 3275 voluntate
706 3198 785 3277 Tua
806 3198 895 3278 illud
913 3199 1135 3298 inposterum
1157 3196 1351 3273 omittendi
1376 3219 1453 3272 non
1481 3195 1667 3272 constabat
1680 3219 1692 3290 3
1725 3193 1895 3274 srtamen

418 3350 422 3359 ·
495 3311 777 3393 Vocucnum
808 3317 882 3393 hoc
906 3317 1124 3404 turbaverit,
1157 3315 1291 3414 poteris
1314 3309 1378 3412 ipsi
1403 3309 1641 3412 respondere,
1674 3313 1776 3412 quod
1805 3312 1895 3400 mihi

497 3430 736 3532 responderas.
777 3431 918 3512 Etiamsi
938 3435 1069 3512 modus
1098 3455 1199 3534 meus
1221 3431 1368 3508 ailionis
1390 3427 1566 3530 gravillcae
1585 3429 1805 3530 explicanda
1819 3451 1894 3508 non

498 3545 541 3624 fit
564 3565 699 3640 certus,
732 3576 800 3629 nec
821 3567 920 3630 certo
946 3577 1107 3654 unquam
1129 3549 1363 3627 demonstrari
1392 3539 1517 3648 possrt,
1550 3546 1666 3626 valere
1688 3562 1809 3626 tamen
1829 3572 1895 3648 po-

499 3666 566 3741 test
586 3691 655 3766 pro
673 3668 882 3774 hypothesr,
915 3655 1084 3772 tanquam
1099 3693 1152 3746 res
1168 3661 1360 3771 possibilis,
1377 3665 1421 3742 ad
1441 3688 1482 3742 os
1503 3663 1747 3744 obturandum
1765 3665 1894 3743 Pror-

499 3803 527 3856 u
541 3805 594 3869 o,
625 3784 749 3886 suique
766 3785 961 3876 srmilibus,
993 3789 1082 3888 qui,
1115 3787 1159 3866 ad
1187 3781 1461 3862 convellendam
1482 3807 1602 3860 veram
1626 3783 1894 3862 aestimationem

499 3900 654 3988 virium,
687 3904 881 4001 objectioni
908 3907 957 3980 'ex
984 3903 1124 4004 vulgari
1153 3904 1333 4004 gravitatis
1357 3895 1604 4002 concipiendae
1637 3901 1753 3979 modo
1777 3903 1895 4002 petita

498 4019 728 4118 pertinaciter
752 4021 935 4098 inhaerent.

556 4132 647 4211 Nou
670 4155 766 4234 nego
792 4141 831 4211 in
859 4142 1019 4238 partibus
1046 4137 1155 4228 casei,
1186 4133 1385 4240 inquibus
1411 4137 1502 4216 nulli
1531 4149 1703 4238 apparent
1727 4153 1889 4224 vermes,

496 4249 597 4354 posse
613 4267 733 4330 tumen
761 4249 867 4328 inesse
891 4255 1090 4334 subtiliores
1116 4279 1256 4334 vermes
1287 4271 1348 4334 aut
1370 4255 1520 4356 plantas.
1582 4255 1652 4332 Sed
1678 4251 1768 4330 illud
1799 4275 1892 4352 quara

359 4405 371 4410 ··
498 4391 562 4459 ro,
592 4396 637 4447 an
665 4371 721 4448 isti
740 4393 900 4459 vermes,
935 4372 1128 4472 praesertim
1164 4373 1378 4476 conspicui,
1410 4373 1571 4450 forment
1605 4369 1892 4476 substantiam&

815 4500 820 4510 '
1374 4477 1378 4486 “
1414 4477 1417 4484 ⁴
1582 4477 1586 4487 ⁴
1721 4482 1895 4563 essentiam
