4184 5526
236 313 542 396 taraurrrr
573 319 643 391 ET
673 310 1399 412 BERNOULLH‚EP181.LXIII·
1467 327 1536 424 339

135 473 326 577 Spaneta
354 477 399 556 ad
423 475 606 581 punitum.
668 472 1022 554 Hosrrrarrut
1054 473 1100 550 de
1131 473 1424 576 eodesperavit3
1457 471 1538 576 Ego
1591 482 1713 573 1697]

141 618 230 672 vero
261 595 350 674 illud
379 596 506 689 reduxi
529 592 573 669 ad
595 595 836 693 aequationem
863 591 1156 681 differentialem,
1190 617 1298 698 quae,
1332 592 1539 694 srseparen-
1578 583 1673 658 Νῦν·

140 727 202 790 tur
224 712 535 799 indeterminata,
569 710 727 788 construi
751 715 893 813 poterit.

203 829 296 924 Quae
317 829 502 909 Dominus
525 819 677 906 Pnaru
692 853 742 904 us
776 831 821 907 de
848 853 947 908 novo
973 843 1097 908 movet
1121 843 1244 906 contra
1269 824 1541 907 aestimationem

141 949 303 1035 virium,
337 948 490 1056 speciosa
512 945 660 1047 quidem
679 945 786 1030 sunt;
820 947 878 1023 sed
901 945 927 1022 sr
949 951 1103 1048 penitius
1128 948 1380 1046 inspiciantur,
1411 946 1541 1024 sunda·
1627 1015 1634 1024 .

142 1081 309 1142 ruentum
339 1066 482 1144 nullum
504 1063 646 1140 habent
707 1063 892 1163 aptiffime
912 1063 977 1164 ipsa
999 1064 1232 1164 respondisti,
1265 1065 1365 1167 quod
1390 1063 1538 1165 quando

142 1181 220 1260 duo
244 1207 396 1283 corpora
419 1182 666 1260 velocitatibus
694 1185 885 1282 reciprocis
904 1183 949 1258 ad
967 1179 1153 1260 massarum
1180 1184 1357 1259 rationem
1388 1205 1541 1260 concur·

141 1304 257 1378 rentia
271 1299 304 1376 se
322 1301 355 1378 se
373 1299 505 1385 sistunt,
527 1325 605 1376 non
627 1299 709 1374 ideo
731 1299 894 1400 sequatur
917 1323 1045 1377 eorum
1062 1302 1137 1374 vim
1157 1298 1226 1376 else
1250 1300 1542 1400 aqualen13nam

142 1420 199 1494 vis
222 1421 383 1494 vimnon
397 1419 568 1504 destruit,
601 1415 659 1491 seu
683 1419 735 1490 vis
746 1421 781 1493 vi
795 1441 870 1494 uon
887 1419 936 1494 est
960 1415 1159 1502 contraria,·
1193 1418 1448 1494 eodemmodo
1466 1442 1540 1516 quo

144 1535 360 1636 quadratum
390 1535 492 1614 linear
523 1531 763 1621 affirmative,
797 1536 835 1610 dc
863 1534 1076 1636 quadratum
1101 1533 1202 1612 lineae
1232 1538 1430 1634 negativae,
1464 1560 1543 1611 non

145 1651 316 1732 dicuntur
335 1655 563 1731 contrarium·
579 1641 742 1738 efficere,
776 1665 903 1751 utpote
933 1666 1127 1760 utrumque
1154 1650 1425 1730 affirmativum..
1476 1651 1545 1732 Di·

142 1771 304 1848 cendum
326 1774 445 1872 itaque
476 1770 551 1848 duo
575 1769 634 1844 illa
669 1768 834 1868 Corpora
865 1769 897 1846 se
921 1770 953 1846 se
985 1767 1127 1856 intere,
1160 1771 1243 1871 quia
1271 1770 1404 1847 habent
1429 1795 1546 1871 aequa-

145 1888 220 1965 lem
241 1891 476 1991 quantitatem
495 1888 699 1972 directionis
722 1884 785 1963 srbi
807 1902 936 1966 mutuo
960 1892 1196 1982 contrariam3
1228 1913 1328 1990 quae,
1360 1885 1545 1988 sirespec-

148 2008 224 2083 tire
246 2003 509 2093 consideretur,
543 2003 643 2094 nulla
666 2005 741 2080 est:
775 2007 824 2082 est
844 2010 942 2104 eninr
966 2003 1122 2106 directio
1135 2005 1323 2110 respesliva
1346 2005 1542 2107 progressio

143 2127 353 2202 communis
375 2126 498 2206 Centri
526 2124 705 2221 gravitatis
722 2145 949 2223 corporum,
974 2123 1094 2224 quod,
1128 2147 1213 2202 cunr
1232 2147 1311 2226 non
1335 2125 1545 2224 progredia·
1646 2199 1650 2206 ,

144 2254 206 2320 tur
239 2256 321 2320 ante
348 2239 583 2327 concursum,
617 2243 747 2339 pariter
781 2265 859 2318 non
890 2238 1062 2343 progredi
1088 2243 1247 2339 poterit,
1280 2243 1360 2340 poll
1390 2266 1544 2319 concur-

146 2357 235 2440 suua
262 2359 376 2442 ,secus
398 2361 627 2462 sequeretur,
661 2355 795 2458 aliquid
817 2359 918 2459 quod
942 2355 1089 2460 quiescit
1111 2385 1130 2435 a
1155 2355 1188 2433 se
1209 2358 1285 2458 ipso
1309 2363 1448 2436 moveri
1461 2357 1543 2459 pos·

146 2475 206 2571 se3
245 2477 349 2576 quod
386 2479 436 2554 est
467 2476 667 2556 absurdum.
695 2474 853 2564 „Hinc,
895 2492 935 2556 ut
971 2474 1147 2554 Centrum
1179 2478 1359 2575 gravitatis
1387 2475 1542 2578 quiescat

144 2595 229 2698 post
248 2595 485 2682 concursum,
520 2611 560 2673 ut
579 2606 660 2669 ante
677 2592 912 2682 concursum,
945 2596 1092 2693 oportet
1114 2608 1174 2682 ut,
1208 2593 1266 2671 vel
1296 2595 1333 2670 dt
1361 2594 1432 2695 ipsa
1460 2618 1541 2672 cor·

145 2737 235 2814 pora
266 2713 302 2786 in
338 2712 506 2794 conflistu
530 2707 714 2797 sistantur,
748 2711 847 2788 tenso
871 2713 997 2790 clastro
1018 2711 1229 2811 interpofito
1254 2727 1447 2808 nranente3
1469 2712 1537 2801 vel,

143 2829 173 2908 fl
197 2833 364 2908 elastrum
383 2831 416 2906 se
436 2830 470 2906 se
494 2831 682 2915 restituat,-
703 2842 745 2905 ut
764 2831 909 2930 pristina
927 2830 1103 2908 celeritate
1122 2829 1346 2930 repellantur.
1380 2828 1429 2908 Hi
1443 2835 1543 2908 eninr

145 2947 223 3026 duo
244 2945 311 3023 soli
331 2948 426 3026 casus
453 2939 630 3048 possibiles
655 2947 766 3035 sunt,
801 2953 930 3049 quibus
949 2948 1124 3028 Centrum
1145 2935 1324 3046 gravitatis
1350 2951 1388 3024 in
1422 2952 1542 3049 quiete

146 3064 385 3144 conservatur.
447 3064 551 3144 Hauc
575 3079 666 3165 puto
694 3069 887 3164 genuinam
919 3063 1056 3145 causam
1080 3063 1147 3142 else
1173 3071 1247 3163 ejus
1276 3066 1376 3166 quod
1409 3065 1544 3154 Parr-

146 3209 174 3262 n
188 3209 237 3261 us
271 3183 459 3283 equalitati
494 3185 626 3260 virium
658 3181 855 3273 adscribit,
888 3183 1006 3286 licque
1032 3182 1309 3286 paralogismum
1338 3182 1540 3270 commisit,

145 3325 225 3378 non
251 3301 360 3380 causae
383 3325 451 3401 pro
472 3301 580 3379 causa.
612 3298 667 3382 Ex
686 3301 759 3378 hoc
782 3327 901 3379 errore
931 3307 1039 3380 etiam
1057 3300 1185 3400 reliqui
1213 3303 1286 3396 ejus
1310 3324 1446 3376 errores
1464 3300 1545 3400 pul-

142 3419 286 3512 lulant;
317 3423 410 3498 utin
436 3423 549 3520 priori
563 3419 740 3522 exemplo.
773 3420 811 3497 Si
831 3421 864 3498 A
884 3419 989 3497 massa
1017 3442 1050 3505 1,
1074 3411 1328 3512 velocitate'4,
1362 3419 1398 3492 &
1413 3415 1440 3494 B
1455 3415 1542 3494 mas-
1677 3417 1682 3438 ¹

142 3535 181 3614 sa
205 3561 253 3632 4,
291 3538 467 3616 celeritate
501 3562 516 3610 1
557 3552 791 3625 concurrant,
825 3539 861 3613 u
898 3537 1025 3614 clastro
1054 3535 1178 3622 tenso,
1212 3533 1290 3634 ipsas
1316 3534 1360 3612 ad
1387 3537 1546 3634 quietem
1615 3559 1619 3568 ·

143 3655 313 3744 retatus,
347 3639 506 3734 substitui
526 3653 746 3752 intelligatur
767 3655 825 3741 D,
858 3652 965 3732 massa
993 3669 1037 3740 8,
1070 3655 1108 3728 in
1132 3652 1255 3731 locum
1273 3652 1310 3732 B.
1353 3653 1446 3748 Quis
1469 3675 1547 3730 nou

145 3773 265 3850 statim
289 3772 426 3852 videret
465 3771 696 3851 Parruum
728 3774 835 3870 gratis
870 3773 930 3850 hic
961 3771 1185 3872 supponere,
1234 3771 1377 3874 Corpus
1403 3768 1442 3848 D
1469 3789 1546 3847 tan-

145 3892 313 3978 tumdem
346 3893 477 3968 virium
496 3889 540 3967 ab
566 3889 691 3968 clastro
714 3893 895 3989 recipere,
928 3905 1106 3990 quantum
1129 3887 1193 3987 ipsa
1225 3887 1370 3966 dederat
1403 3887 1545 3988 Corpus

136 4005 202 4097 B,
234 4008 294 4088 seu
316 4023 490 4111 quantum
511 4011 583 4105 jam
603 4007 631 4086 Β
655 4011 698 4084 ab
722 4009 847 4086 clastro
873 4011 1003 4084 iterum
1019 4009 1212 4104 reciperet,
1246 4004 1272 4082 fi
1296 4006 1479 4084 maneret?
1496 4005 1547 4085 Ut

146 4140 269 4204 autem
289 4125 508 4213 inveniatur,
539 4141 715 4225 quantum
734 4125 875 4226 praecise
902 4124 1089 4202 celeritatis
1110 4123 1252 4223 Corpus
1273 4123 1310 4204 D
1334 4127 1481 4224 recipiat
1502 4127 1546 4204 ab

147 4243 274 4322 clastro
294 4303 306 4333 ,
339 4247 376 4323 &
398 4257 575 4346 quantum
596 4246 682 4322 item
703 4244 880 4348 celeritate
898 4242 1088 4344 repellatur
1105 4265 1236 4343 corpus
1251 4241 1305 4340 A3
1325 4241 1548 4321 consideran-

148 4361 240 4442 dum
270 4361 342 4452 est,
376 4361 476 4463 quod
497 4377 574 4441 tota
596 4364 647 4436 vis
669 4386 779 4462 quam
799 4361 977 4439 habebant
1003 4375 1086 4438 ante
1114 4361 1326 4442 concursum
1358 4382 1489 4457 corpus
1514 4356 1548 4434 A

149 4481 188 4558 δι
218 4504 350 4584 corpus
378 4479 406 4559 B
433 4479 498 4572 fit,
530 4477 569 4558 in
592 4479 796 4569 concursu,
830 4481 993 4560 translata
1025 4483 1065 4555 in
1096 4479 1260 4559 elastrum
1296 4475 1547 4572 interjeslum3
