4266 5534
566 290 661 362 rae,
760 262 1260 368 conuenerunt
1305 279 1841 386 aristonicum

574 469 1961 524 ...m-..W

894 629 1382 724 aristosa
1437 634 1596 728 xxa.

561 863 1028 970 LEI'BN‘ITH
1087 855 1196 986 AD,
1253 857 1957 983 Baunoutrruar.

759 1145 761 1150 ·
874 1112 1145 1260 Responfio
1170 1109 1232 1220 ad
1256 1113 1638 1256 praecedentem.

407 1357 419 1370 κ
556 1390 608 1458 De
640 1383 838 1456 Problematis
866 1379 1141 1475 Bracsrystocsrroaae
1171 1389 1301 1454 emano
1323 1383 1534 1477 prorogmdo.
1586 1389 1638 1458 De
1662 1383 1792 1476 ejusdem
1804 1384 1957 1476 seditione
2020 1447 2022 1450 .

605 1482 721 1554 diresia
743 1484 878 1555 celanda
933 1483 1097 1556 Solutionis
1131 1481 1344 1552 Leibnitianae
1365 1483 1617 1575 fundamendum.
1671 1491 1722 1557 De
1739 1481 1955 1574 schediasmate

604 1581 674 1674 Jac.
702 1583 1000 1655 Bennouerr.
1055 1580 1563 1658 DeNrruwenarraro.
1617 1586 1669 1656 De
1701 1584 1953 1680 Tradionegra-

605 1681 711 1751 vitati
731 1676 776 1764 &5
798 1681 993 1754 testinatione
1014 1683 1131 1752 viritem
1166 1678 1317 1771 aptiori.
1373 1683 1475 1754 Varia.

666 1887 742 1982 Vir
776 1887 1066 1993 Celeberrime‚
1098 1887 1239 1980 Fautor
1259 1893 1299 1972 dc
1321 1884 1465 1976 Amice
1493 1885 1825 1980 Honoratiffime!

624 2135 822 2216 Ucundum
846 2138 936 2214 mihi
958 2137 1028 2216 fuit
1053 2135 1174 2213 videre
1210 2131 1420 2212 consensum
1447 2137 1647 2216 nostrarum
1673 2132 1951 2242 Problematisa

474 2319 482 2336 .
643 2254 699 2331 Te
725 2255 898 2356 proposui
922 2254 1167 2342 solutionum,
1202 2259 1286 2331 cum
1310 2248 1465 2351 ejusdem
1497 2255 1599 2333 lineae
1624 2255 1906 2334 constructiones
1935 2311 1946 2342 ,

554 2377 640 2452 licet
657 2372 828 2474 diversas,
862 2374 1074 2454 dederimus.
1135 2366 1218 2472 Ego
1239 2383 1429 2450 contentus
1458 2371 1513 2452 fui
1537 2371 1724 2476 reperisse,
1757 2371 1948 2473 quomodo

553 2494 647 2570 linea
678 2513 749 2604 per·
769 2492 1065 2594 tetragonismum
1100 2489 1224 2570 circuli
1256 2491 1413 2570 construt
1448 2489 1587 2596 poffrt,
1630 2515 1707 2570 non
1737 2487 1948 2569 immoratus

555 2607 801 2698 Problemati,
830 2615 977 2710 egregio
1003 2611 1121 2699 licet,
1153 2607 1257 2710 quod
1278 2611 1369 2696 vix,
1401 2623 1443 2688 ut
1467 2609 1698 2711 aggrederer,
1732 2635 1752 2687 a
1782 2621 1949 2710 tempore

554 2751 638 2803 meo
662 2729 850 2825 impetrare
877 2742 1050 2828 poteram.
1111 2727 1172 2805 Tu
1202 2725 1346 2826 longius
1366 2727 1568 2828 progressus
1588 2726 1804 2828 Cyclo‘r'dem
1839 2725 1948 2827 ipsam
2101 2717 2102 2743 ¹

555 2841 622 2918 eise
641 2842 790 2943 pulchre
815 2847 982 2944 reperisti.
1032 2842 1364 2940 Quod'edition'em
1376 2849 1532 2935 attinet,
1565 2841 1948 2922 consulueiim'adiiuc

553 2959 721 3036 nonnihil
750 2963 943 3060 expectari,
976 2973 1018 3038 ut
1043 2975 1206 3063 appareat
1228 2961 1317 3062 quid
1357 2962 1417 3039 alii
1442 2988 1589 3064 quoque
1616 2964 1803 3064 praestent,
1837 2963 1947 3060 inpri-

523 3133 530 3146 .
552 3081 620 3152 mis
643 3075 828 3155 Dominus
849 3071 1188 3168 Fratertuufflmo
1209 3081 1246 3154 &
1267 3077 1461 3157 Dominus.
1493 3079 1943 3164 DeTscrrrnnrrnus,
2100 3127 2101 3134 κ

551 3194 743 3295 prasertim
772 3219 857 3272 cum
881 3197 1100 3284 terminum,
1134 3199 1172 3271 ni
1195 3195 1323 3284 fallor,
1354 3193 1583 3295 affignaveris.
1647 3197 1742 3276 Cum
1761 3195 1946 3274 Dominus

552 3303 731 3388 Marcbio
761 3311 1102 3390 Hosr1anc1os
1133 3315 1187 3404 [a
1212 3313 1343 3388 morbo
1362 3317 1463 3412 gravi
1479 3311 1691 3415 restitutus]
1709 3312 1872 3390 etiamad
1886 3337 1946 3388 me

550 3453 667 3526 nuper
688 3427 753 3504 alia
782 3421 967 3506 occasione
990 3430 1183 3530 scripserit,
1212 3428 1246 3505 se
1271 3430 1305 3506 se
1322 3454 1421 3507 nunc
1441 3457 1462 3507 a
1480 3433 1771 3510 meditationibus
1794 3429 1945 3530 ejusmo-

550 3544 588 3618 di
612 3546 782 3621 abstinere
804 3546 938 3623 debere
954 3603 965 3634 ,
979 3541 1116 3647 ‘putem
1141 3543 1205 3645 ipsi
1230 3545 1461 3624 Solutionem
1480 3549 1579 3651 posse
1598 3551 1886 3635 communicari,
1920 3545 1945 3624 fi

549 3660 637 3738 Tibi
659 3665 707 3738 ita
731 3661 895 3750 videtur,
915 3665 952 3738 &
978 3661 1077 3763 posse
1104 3663 1206 3742 inseri
1229 3661 1461 3741 Problematis
1486 3665 1773 3767 propositionem
1789 3670 1828 3742 in
1847 3655 1944 3740 Dia·

548 3784 643 3854 rium
661 3771 893 3856 Erudiorum
917 3771 1140 3882 Parsfinum,
1173 3793 1215 3857 ut
1238 3777 1319 3856 Viri
1346 3779 1458 3858 Docti
1479 3790 1688 3862 excitentur.
1720 3781 1822 3859 idem
1838 3783 1943 3856 etiam
2098 3831 2099 3839 κ

448 3926 451 3932 ·
548 3899 586 3972 in
613 3891 724 3972 Italia
755 3897 959 3994 iaciendum
981 3914 1082 3996 puto,
1143 3895 1256 3996 Spero
1285 3897 1365 3976 Tua
1388 3897 1505 3974 Mensr
1522 3893 1629 3988 Iunio
1653 3907 1676 3953 *
1701 3897 1827 3975 inserta
1849 3893 1939 3985 eise,

548 4012 609 4088 etsr
635 4037 702 4089 nec
723 4015 872 4090 verbulo
893 4015 938 4091 ad
961 4037 1019 4090 me
1043 4017 1199 4115 attigerit
1217 4013 1332 4092 Dnus.
1362 4013 1710 4094 Mercennarius
1771 4014 1943 4096 Necdum

547 4123 617 4228 ego
638 4124 786 4219 Iunium
806 4134 954 4230 accepi,
987 4133 1206 4231 negligentia
1231 4131 1380 4208 Libratis
1405 4133 1540 4222 nostri,
1574 4138 1638 4233 qui
1673 4133 1782 4210 credo
1810 4128 1943 4208 nundi·
2097 4145 2098 4148 ‘

545 4271 605 4322 nas
626 4238 902 4346 Brunfivicenfis
932 4271 1022 4323 mox
1050 4251 1214 4326 testantes
1243 4247 1413 4348 expediat.
1474 4249 1622 4328 Interim
1644 4252 1774 4330 monui
1799 4247 1938 4328 Duum

543 4363 796 4442 assereres
814 4387 927 4452 run,
962 4381 1001 4442 ut
1021 4363 1047 4440 s1
1068 4366 1236 4460 nondum
1252 4365 1405 4454 factum,
1429 4382 1566 4472 mature
1590 4367 1670 4452 Tua
1690 4369 1747 4445 edi
1767 4379 1878 4442 curet

1764 4482 1949 4566 ceterum

581 4585 758 4666 festiorem
779 4559 909 4671 ir'psiem.
