4168 5524
557 289 631 379 nn
758 253 1824 389 conuenerun'rercrorrourr,

407 464 503 546 1698
559 442 824 552 analogorum,
857 445 993 544 poterit
1022 441 1137 520 dividi
1163 443 1432 523 insubstantias
1461 445 1674 528 individuas.
1736 447 1807 526 Sed
1838 439 1969 530 eme.
2019 432 2022 439 Δ

338 595 356 642 μ
396 557 520 634 oaob.
549 553 649 662 steni
677 563 862 662 negabunt
892 559 932 639 in
968 560 1194 662 Corporibus
1222 559 1289 650 effe
1313 561 1449 665 aliquid
1484 569 1615 644 animae
1646 567 1876 667 analogum,
1908 565 1970 646 vel

561 679 650 781 quid
669 680 761 758 illud
780 676 822 756 fit
844 679 1059 780 analogum,
1079 677 1172 756 clare
1200 675 1263 756 fibi
1282 680 1453 782 explicari
1467 683 1709 784 postulabunt

620 799 682 892 4⁹.
715 798 751 876 Si
771 795 904 875 Monac
932 795 1141 898 completa,
1172 797 1232 876 seu
1250 797 1439 878 substantia
1463 798 1674 902 fingularie,
1705 801 1796 881 Tibi
1815 801 1868 880 est
1889 799 1967 880 ani-

558 914 650 1003 mal,
682 915 741 994 vel
758 915 981 1015 analogum,
1015 913 1157 1003 anima,
1190 915 1247 994 vel
1269 913 1409 1003 forma,
1444 917 1483 994 dt
1507 941 1662 1020 corpore
1684 923 1861 1020 organico
1875 943 1966 1022 prac-

558 1032 700 1128 ditum3
743 1033 929 1134 negabunt
960 1024 1193 1136 Cartestaeni,
1234 1047 1363 1136 praeter
1385 1034 1575 1116 hominem
1612 1035 1724 1118 talem
1765 1037 1965 1116 monadem

557 1147 643 1227 dari.
1165 1185 1167 1194 r
1389 1206 1393 1214 .

621 1268 680 1354 ς’.
713 1267 888 1350 Concedo
913 1291 991 1348 non
1019 1261 1131 1369 longe
1165 1267 1494 1370 progrediendum,
1528 1285 1572 1352 ut
1588 1269 1784 1352 babeamus
1807 1269 1965 1352 subitan·
2067 1349 2068 1374 q

555 1387 664 1475 tianr,
697 1409 775 1465 non
799 1385 1031 1483 substantias3
1061 1385 1300 1489 unusquisqne
1319 1391 1419 1466 enim
1441 1388 1559 1468 homo
1576 1388 1655 1468 talis
1680 1389 1741 1469 est.
1792 1391 1867 1469 Sed
1882 1414 1962 1470 cor·

556 1525 625 1606 pus
638 1504 753 1610 ¹quod
771 1520 903 1583 vocant
920 1507 1177 1591 inanimatum,
1210 1519 1252 1582 ut
1273 1503 1377 1594 filex,
1410 1507 1600 1609 quousque
1624 1507 1844 1587 dividendus
1864 1509 1958 1596 erit,

555 1638 599 1702 ut
618 1621 745 1700 habeas
768 1617 1018 1711 substantiam,
1051 1646 1129 1700 non
1148 1620 1383 1702 substantiae?
1411 1621 1499 1704 filex
1526 1629 1647 1715 enirn,
1666 1623 1868 1706 secundum
1885 1625 1960 1712 Te,
2067 1631 2068 1636 ‘

502 1813 504 1820 ,
553 1764 632 1822 non
651 1741 701 1818 est
718 1739 931 1830 substantia,
963 1739 1023 1818 led
1041 1739 1249 1820 substantiae.
2067 1743 2068 1772 ¹

618 1859 677 1936 6⁰.
709 1859 908 1962 Nunquam
933 1859 1066 1937 veritus
1096 1858 1174 1936 sum
1199 1882 1245 1935 ne
1278 1855 1452 1948 materia,
1482 1853 1617 1939 scilicet
1649 1853 1828 1952 secunda,
1864 1879 1961 1939 corn-
2067 1887 2068 1898 ¹

443 2019 445 2030 ι
553 1991 710 2079 ponatur
734 2003 780 2055 ex
803 2002 879 2056 non
899 1978 1063 2080 quantis,
1096 1971 1156 2052 [εά
1184 2000 1231 2054 ne
1256 1971 1500 2080 componatur
1516 2001 1563 2056 err
1575 1979 1718 2078 punitis
1739 1980 1861 2058 forma
1875 2003 1961 2080 pra·

554 2095 657 2184 ditis,
690 2099 774 2198 quia
797 2100 990 2174 minimum
1011 2091 1286 2193 corpusculum,
1304 2093 1387 2172 licet
1401 2093 1542 2174 infinite
1560 2097 1747 2195 exiguum,
1763 2122 1845 2176 non
1864 2095 1958 2175 subl-

553 2219 701 2292 tantiam
731 2212 839 2303 facit,
882 2213 941 2292 [εά
964 2209 1178 2292 substantias.
1240 2208 1400 2312 Oportet
1432 2236 1523 2314 ergo
1553 2211 1783 2292 substantiam
1806 2213 1961 2313 fingma-
2067 2303 2068 2308 Ν

551 2353 629 2410 rem
647 2323 714 2408 elle
733 2332 909 2432 punitum
930 2355 1016 2410 cum
1039 2328 1183 2418 forma,
1215 2352 1293 2407 non
1317 2343 1495 2431 quantum
1516 2355 1602 2410 cunr
1631 2331 1750 2412 forma
1762 2357 1777 2428 3
1809 2331 1888 2412 alias
1917 2335 1959 2410 in

548 2448 669 2552 plures
694 2449 922 2530 divideretur.
1174 2457 1181 2469 '

608 2567 729 2646 Video
755 2593 833 2647 rem
851 2583 968 2647 totam
988 2581 1034 2644 eo
1054 2563 1237 2653 recidere,
1270 2577 1312 2643 ut
1333 2560 1516 2656 fonnem,
1543 2561 1608 2666 ‚vel
1625 2555 1719 2646 illud
1734 2566 1865 2647 antmae
1877 2591 1958 2646 ana·

549 2681 702 2784 logum,
737 2685 836 2763 clare
851 2683 1016 2787 explices.
1075 2683 1166 2763 Non
1179 2681 1328 2784 quidem
1348 2684 1483 2764 alienus
1507 2681 1585 2764 sum
1604 2682 1794 2765 admittere
1807 2688 1957 2766 tertium

282 2789 287 2800 “
457 2833 460 2840 ·
553 2801 643 2904 quid
667 2803 706 2878 in
730 2824 907 2904 corpote,
931 2807 1060 2908 praeter
1083 2799 1328 2880 extenfionem
1352 2800 1389 2880 ἃ
1413 2801 1810 2906 impenetrabilitatem,
1828 2793 1857 2880 fi
1874 2827 1957 2881 mo-

553 2918 605 2997 do
624 2931 724 3022 aeque
749 2920 880 2998 claram
905 2923 979 3020 ejus
999 2917 1117 2998 ideam
1142 2917 1272 2996 habere
1293 2913 1448 3023 poilim,
1480 2943 1526 2998 ac
1547 2919 1665 2998 habeo
1685 2919 1902 3000 extentionis
1918 2922 1956 2997 dt

553 3037 717 3118 animes
751 3037 835 3118 Scio
862 3040 970 3116 etiam
996 3040 1143 3116 tertium
1164 3035 1254 3116 illud
1290 3035 1389 3138 polle
1422 3035 1597 3126 existere,
1630 3034 1715 3116 licet
1744 3043 1821 3139 eius
1848 3035 1958 3116 ellen-

551 3159 639 3234 tiam
664 3145 759 3236 clare
784 3159 977 3260 concipere
1005 3171 1207 3256 nequeam3
1239 3167 1365 3233 contra
1390 3155 1633 3256 quonamdam
1664 3148 1957 3262 Catesmm

278 3271 280 3276 ’
393 3361 397 3366 ,
551 3275 809 3376 pertinaciam,
843 3275 907 3376 qui
927 3273 1084 3351 ltanrunt
1107 3271 1145 3350 id
1164 3271 1266 3375 quod
1288 3270 1381 3350 clare
1404 3273 1623 3354 &distincte
1650 3299 1671 3352 a
1694 3275 1801 3354 nobis
1827 3277 1956 3355 conci·

553 3393 694 3496 pinon
721 3390 865 3492 potest,
897 3387 1134 3484 nonexistere
1150 3417 1163 3487 3
1182 3403 1367 3491 oporteret
1390 3393 1486 3468 enim
1506 3387 1955 3492 priusdemonstrarerint,

253 3503 260 3515 ’
419 3575 424 3590 s
547 3511 587 3590 'se
606 3512 702 3590 clare
727 3509 765 3586 &
789 3508 950 3588 distintle
973 3511 1157 3610 percipere
1180 3505 1279 3610 polle
1301 3507 1476 3612 quicquid
1496 3509 1636 3586 existit:
1669 3509 1752 3588 alias
1782 3533 1863 3590 non
1885 3513 1960 3590 mi-

449 3715 451 3719 ,
549 3636 619 3709 nus
642 3626 790 3708 absurde
817 3623 1064 3716 concludunt,
1098 3649 1207 3729 quarn
1227 3647 1340 3705 caecus
1357 3626 1511 3723 faceret,
1544 3629 1608 3728 qui
1631 3622 1746 3706 ex‘eo
1769 3629 1874 3730 qnod
1900 3630 1960 3707 [ο-

550 3741 624 3834 lem
641 3771 829 3851 nunquam
851 3743 1006 3836 viderit,
1039 3767 1158 3845 neque
1181 3742 1302 3820 nidere
1321 3741 1450 3846 pollrt,
1483 3747 1725 3845 argumentari
1742 3747 1879 3841 vellet,
1915 3745 1960 3824 il-

412 3853 425 3866 ‘
535 3863 628 3946 vlum
643 3890 720 3945 non
740 3863 911 3943 eiristere:
943 3859 987 3944 ld
999 3864 1101 3964 quod
1121 3886 1197 3940 non
1215 3875 1357 3940 tantum
1376 3862 1484 3942 semel
1500 3859 1582 3965 ipiie
1605 3863 1746 3962 objeci,
1779 3863 1841 3942 [εά
1862 3867 1961 3944 anti·
2067 3861 2068 3884 ³

552 4004 633 4084 quae
649 3969 833 4064 cantilena
857 3983 1032 4062 obstinate
1062 3979 1296 4070 inhaerentes,
1328 3978 1423 4060 surdi
1448 3981 1552 4070 sunt,
1584 3981 1754 4084 suamque
1772 3999 1960 4088 perpetuo
2067 4021 2068 4096 ᾗ

552 4099 755 4179 obtrudunt
776 4101 939 4202 regulam
958 4099 1060 4180 clarae
1083 4103 1119 4177 &
1146 4097 1314 4208 diliintlae
1332 4103 1599 4202 perceptionis,
1629 4103 1730 4198 juxta
1749 4125 1860 4204 quam
1873 4125 1961 4181 rem
2067 4103 2068 4122 ¹

549 4216 647 4310 elle,
679 4217 737 4294 vel
767 4237 844 4296 non
878 4219 973 4311 elle,
1005 4220 1174 4319 judicant.
1236 4215 1280 4298 In
1314 4217 1448 4296 horum
1478 4220 1591 4319 igitur
1621 4221 1797 4317 gratiam,
1831 4211 1962 4297 Tuam

549 4337 752 4442 pleniorem
773 4335 1053 4442 explicationem
1076 4337 1329 4428 defiderarenr,
1362 4351 1404 4418 ut
1422 4335 1502 4414 data
1527 4334 1712 4416 occafione
1735 4337 1804 4414 sslis
1823 4360 1966 4415 occur-

549 4479 628 4538 rere
648 4454 788 4562 polltm.
820 4452 948 4554 Quid?
979 4453 1007 4536 fi
1026 4444 1244 4544 uocabulum
1267 4458 1393 4536 anima
1422 4445 1575 4564 adalgi
1599 4453 1656 4537 vei
1665 4450 1816 4562 firma,
1849 4451 1966 4555 quod

1434 4628 1440 4633 -
1847 4570 1968 4654 odio·
