4168 5524
219 319 549 408 n'rrurrrrrr
571 337 644 405 ur
670 333 1484 422 urnnourtrr,ur1sr.trootv11.
1511 334 1589 430 432

163 479 344 560 essentiam
372 481 489 570 casei,
525 477 656 571 idest,
690 505 736 560 an
754 481 820 561 srnt
838 482 876 560 id
891 542 908 571 ,.
935 483 1008 560 srn'e
1036 507 1111 585 quo
1149 484 1265 562 caseus
1298 489 1378 562 non
1408 483 1492 561 esset
1519 509 1577 563 ca·
1617 463 1722 583 159⁶

157 597 266 676 sens?
313 601 366 678 An
393 623 479 676 vero
503 599 570 676 fint
599 614 739 678 tantum
763 601 808 676 de
836 601 1024 680 substantia
1049 607 1235 700 peregrina
1262 602 1471 680 adeaseum
1497 627 1574 679 non
1641 565 1736 640 Febr·

163 717 403 820 pertinente?
435 717 745 816 quemadmodum
773 717 934 818 plerique
965 720 1179 795 arbitrantur
1202 722 1363 818 generari
1402 744 1447 796 ex
1472 720 1574 796 serni-

164 837 270 911 nibus
293 861 313 912 a
341 833 493 922 muscis,
527 834 725 920 culicibus,
758 835 902 935 aliisque
925 835 1063 912 inseiiis'
1088 839 1127 910 in
1152 835 1292 914 caseum
1317 835 1512 937 asportatis.
1601 823 1604 832 ’

224 953 262 1028 Si
282 975 456 1039 vacuum,
480 965 647 1040 atomuS,
679 951 818 1052 aliaque
842 953 880 1028 id
898 977 1012 1051 genus
1035 952 1166 1028 divinae
1186 953 1364 1052 sapientiae
1388 976 1466 1029 non
1487 952 1569 1032 sunt

166 1069 427 1155 consentanea,
460 1093 506 1144 eo
528 1053 711 1168 ipsosane
736 1093 776 1146 ea
807 1071 847 1146 &1
864 1067 1090 1169 impossrbrlia
1120 1070 1312 1147 crederem.
1376 1071 1569 1171 Qridquid
1631 1103 1633 1112 ,

167 1201 347 1286 repugnat
367 1183 438 1262 Dei
465 1185 668 1285 sapientie,
701 1188 775 1282 ejus
800 1189 907 1263 etianr
932 1189 1103 1289 potentiae
1137 1203 1323 1285 repugnat.
1388 1187 1568 1268 Attributa
1674 1276 1676 1280 y

166 1307 266 1379 eninr
289 1303 362 1381 Dei
385 1304 464 1380 sunt
489 1299 560 1402 ipse
582 1302 694 1382 Deus.
755 1303 884 1390 Secus,
917 1301 1065 1382 ereus
1092 1301 1205 1404 posset
1232 1304 1371 1392 facere,
1405 1329 1485 1404 quae
1513 1306 1566 1381 in-

167 1419 333 1520 fipienter
371 1421 429 1496 vel
458 1420 702 1519 imprudenter
726 1419 813 1497 satia
841 1417 972 1507 essent,
1005 1419 1106 1498 Deus
1134 1437 1209 1496 non
1238 1421 1334 1497 soret
1363 1421 1566 1521 perferens,

166 1541 251 1636 quia
274 1536 308 1614 se
332 1538 449 1635 ipsum
483 1537 730 1640 irnpegsetlum
758 1537 949 1630 redderet3
981 1537 1159 1637 Adeoque
1186 1541 1348 1638 potentia
1377 1540 1414 1613 tc
1436 1537 1570 1638 sapien-

167 1658 217 1732 tia
255 1653 414 1743 Divina,
446 1679 640 1754 earumque
673 1654 833 1752 objetta,
867 1653 1010 1730 nonnisr
1043 1659 1180 1731 ratione
1209 1656 1247 1730 dt
1280 1655 1418 1732 diverso
1448 1659 1571 1732 conei-

169 1772 293 1869 piendi
318 1773 431 1848 modo
459 1771 660 1848 differunt:
693 1775 732 1847 in
755 1770 840 1848 Deo
863 1795 949 1847 vero
972 1774 1192 1872 neutiquam.
1252 1771 1354 1850 Deus
1382 1795 1427 1848 ex
1454 1771 1572 1848 infini-

165 1891 211 1964 tis
240 1887 461 1990 poslibilibus
485 1913 560 1965 non
581 1887 709 1988 eligit,
742 1887 802 1964 sed
825 1887 933 1986 elegit
952 1890 996 1964 ab
1026 1904 1160 1966 aeterno
1176 1915 1199 1983 3,
1220 1890 1294 1966 imo
1316 1891 1438 1966 omnia
1462 1887 1570 1988 poffi·

167 2005 251 2082 bilia
271 2005 380 2104 elegit
395 2060 661 2093 .......
692 2005 731 2081 id
757 2007 807 2080 est
836 2005 1024 2104 previdit,
1058 2005 1243 2091 decrevit,
1278 2005 1337 2082 vel
1360 2005 1564 2083 ordinavit:

166 2145 245 2224 quae
267 2126 363 2200 eninr
388 2147 465 2198 non
490 2124 671 2211 decrevit,
705 2122 764 2198 illa
784 2125 821 2198 &
845 2121 910 2222 ipsr
926 2120 1011 2206 Deo
1039 2122 1118 2200 sunt
1136 2120 1392 2221 impatibilia,
1424 2126 1507 2224 quia
1527 2125 1565 2199 in

165 2238 441 2338 se-imposlibiie
474 2242 523 2317 est
547 2238 607 2318 sua
631 2241 772 2317 decreta
801 2249 999 2334 revocare3
1047 2240 1127 2317 alias
1156 2238 1221 2315 srbi
1250 2265 1326 2317 non
1357 2241 1562 2328 constaret,

166 2355 321 2462 &soret
349 2357 539 2436 mutabilis.
571 2357 641 2434 Sed
666 2354 880 2434 transeamus
903 2356 1006 2443 haec,
1040 2357 1297 2446 &decidenda
1322 2355 1565 2458 relinquamus

165 2471 396 2573 Theologis‚
433 2473 479 2549 nse
514 2473 562 2550 ad
592 2476 792 2550 intricatam
821 2473 1138 2573 praedestinationis
1164 2472 1397 2574 quaestionem
1428 2473 1569 2550 delaba-

166 2613 283 2668 mur:
312 2591 455 2668 nollem
490 2594 588 2667 eninr
620 2591 771 2682 Tecum,
796 2589 995 2688 Religionis
1022 2604 1200 2667 certamen
1225 2594 1329 2666 inire.
1393 2587 1572 2669 Demons-

166 2707 334 2785 trandum
358 2693 468 2808 igitur
494 2708 625 2796 restat,
655 2707 756 2810 quod
773 2729 927 2784 vacuum
953 2706 1103 2811 perinde
1125 2731 1167 2784 ac
1191 2709 1321 2796 atomi,
1349 2706 1433 2785 licet
1457 2706 1568 2784 relin-

167 2839 282 2924 quant
304 2825 383 2902 loca
407 2826 554 2912 sterilia,
588 2823 671 2900 ideo
693 2839 857 2924 pugnent
877 2847 962 2901 cunr
982 2823 1148 2924 sapientia
1162 2823 1305 2902 Divina.
1338 2825 1440 2918 Quid
1455 2824 1569 2902 eninr?

166 2939 193 3016 sr
217 2942 345 3042 aliquis
368 2942 501 3020 diceret
516 2942 623 3019 talem
642 2941 860 3018 sterilitatem
882 2929 1106 3017 necessariam
1126 2939 1230 3020 fuisse
1253 2942 1297 3018 ad
1321 2957 1466 3018 motum
1484 2965 1569 3041 pro·

167 3056 396 3146 ducendum,
431 3059 487 3136 vel
512 3061 710 3158 generatim
728 3057 772 3134 ad
793 3055 939 3158 systema
965 3058 1093 3135 mundi
1116 3056 1320 3135 creandum.
1352 3057 1446 3135 Ante
1462 3081 1567 3134 nann-

167 3169 256 3251 dum
279 3177 493 3263 conditum,
526 3189 653 3276 praeter
677 3174 828 3267 Deum,
855 3173 944 3250 nihil
963 3177 1087 3274 utique
1105 3189 1196 3251 erat:
1231 3174 1392 3274 adeoque
1409 3187 1482 3260 erat
1498 3175 1562 3250 ste-

167 3290 274 3367 tilitas
302 3293 529 3381 universalis,
563 3288 631 3392 [si
652 3293 700 3368 ita
725 3291 829 3392 loqui
847 3291 898 3368 sas
919 3292 994 3368 eli:
1026 3289 1139 3392 ]Jan1
1168 3314 1286 3377 vero,
1319 3290 1344 3365 s1
1374 3289 1449 3367 haec
1478 3313 1564 3368 curn

166 3406 240 3488 Dei
256 3407 421 3508 sapientia
439 3433 516 3486 non
537 3413 736 3507 pugnavit,
769 3433 833 3486 cur
862 3409 989 3485 sterilia
1003 3409 1174 3507 ‘quaedam
1208 3411 1337 3504 exigua
1365 3421 1562 3506 pugnent,

168 3547 243 3602 non
271 3525 348 3602 satis
371 3540 476 3625 patet.
537 3525 707 3604 Praeterea
740 3523 870 3602 liloca
896 3525 1026 3602 dantur
1052 3547 1191 3610 vacua,
1226 3547 1301 3598 non
1332 3523 1416 3601 ideo
1448 3525 1565 3602 statim

169 3639 248 3720 sunt
274 3643 424 3736 sterilia3
455 3641 568 3718 sterile
591 3647 689 3717 enim
708 3640 874 3742 estquod
898 3634 1026 3718 inutile
1044 3641 1116 3716 est:
1134 3639 1192 3716 illa
1207 3654 1327 3716 autem
1343 3640 1446 3719 suurn
1462 3639 1566 3718 usum

171 3757 332 3848 habent,
366 3759 467 3837 sicuti
488 3762 569 3859 pori
597 3761 635 3833 in
670 3757 841 3857 spongia,
875 3758 913 3833 δι
946 3756 1123 3834 foramina
1147 3759 1184 3832 in
1220 3760 1317 3844 reti,
1351 3758 1409 3834 vel
1447 3760 1568 3835 cribro

172 3880 324 3953 ornnino
350 3877 429 3952 sunt
454 3873 637 3952 necessaria
665 3875 709 3952 ad
740 3873 841 3952 usum
874 3897 986 3974 quern
1011 3875 1172 3971 praestare
1196 3874 1349 3950 debent.
1411 3871 1571 3954 Difficile

173 3992 282 4092 igitur
308 3995 550 4072 demonstratu
569 3989 634 4067 esse
657 4007 768 4090 puto,
801 4013 910 4068 vacua
940 3991 977 4067 dt
997 4004 1137 4078 atomos
1153 4013 1313 4090 pugnare
1331 4015 1416 4070 curn
1437 3990 1571 4092 sapien*

65 4191 80 4203 ,
171 4115 219 4187 tia
246 4113 391 4201 divina,
426 4112 463 4186 δι
489 4123 589 4185 tanto
619 4105 820 4197 difficilius,
852 4111 935 4208 quia
957 4109 1030 4204 ejus
1049 4105 1196 4183 linea&
1222 4105 1322 4206 scopi
1344 4133 1470 4186 omnes
1497 4109 1571 4185 sere

45 4211 50 4219 ’
169 4251 239 4311 ¹nos
268 4227 388 4305 latent.
449 4223 642 4319 Quidisr
683 4225 820 4324 semper
855 4224 979 4302 miseri
1013 4247 1082 4300 noa
1109 4224 1276 4300 homines
1305 4225 1463 4323 judicare
1498 4225 1572 4301 vel-

171 4341 285 4420 lemus
311 4345 357 4421 ab
377 4347 418 4420 iis
443 4365 522 4444 quae
549 4343 679 4426 nobis,
714 4342 806 4417 bene
829 4341 988 4430 maleve,
1016 4341 1215 4445 prudenter
1245 4340 1302 4418 vel
1324 4341 1571 4442 imprudenter

171 4459 258 4536 satta
282 4459 448 4538 videntur
467 4515 478 4548 ,
511 4457 600 4560 quid
625 4455 697 4536 Dei
717 4455 892 4559 sapientia
912 4461 1127 4555 conveniat,
1158 4456 1248 4560 quid
1269 4459 1497 4553 non3dicere
1512 4456 1574 4532 de-

233 4568 333 4652 Tom.
365 4572 397 4654 Ι.
538 4571 539 4575 ‘
900 4575 1002 4656 lii
1379 4575 1576 4666 ,beremua
