4222 5534
279 285 1133 406 ἱΕΙΒΝῙῬῙῘΕΤΒΒΡχΝΟΠὶΗΙ,
1150 305 1314 383 Etlsr.
1341 297 1433 378 LVI.
1510 277 1584 393 307

183 471 292 559 usum
315 479 443 563 habeat
469 501 543 566 tam
566 486 636 565 late
661 499 872 588 patentem,
904 486 1038 564 mirum
1062 497 1182 562 tamen
1209 440 1260 560 est
1289 502 1368 558 earn
1395 473 1576 555 anemine
1628 491 1749 590 1697*

185 593 396 700 [quantum
423 605 622 704 recorder]
644 616 747 685 antea
770 603 966 682 adhibitam
992 598 1101 681 fuisse
1149 599 1393 680 Mentionem
1418 596 1493 692 ejus
1517 591 1579 672 ali-
1633 597 1708 692 jul..

186 738 300 816 quam
324 720 477 800 feceram
500 724 625 802 olim
614 749 652 801 tn
680 713 847 800 Novello
869 713 1074 827 Republica
1100 711 1318 804 Litterariae,
1350 717 1374 812 †
1393 709 1579 793 occasione

188 833 454 920 collatiunculre
484 841 630 921 cumR·
655 841 693 921 Ρ.
726 839 1166 926 Marsnnancnro,
1198 831 1582 936 quiideome'ncon·

188 948 459 1036 siderationibus
483 958 680 1063 persuasus,
697 957 795 1036 suam
813 957 858 1036 de
881 956 1038 1056 Legibus
1063 968 1184 1034 motus
1209 951 1247 1031 in
1275 945 1499 1056 lnquissriane
1518 974 1581 1025 ve-

188 1072 314 1147 ritatis
334 1074 530 1176 expostam
565 1074 781 1156 Dodrinam
812 1077 936 1177 postea
974 1077 1146 1168 mutavit;
1178 1070 1280 1174 quod
1309 1071 1408 1146 brevi
1441 1067 1583 1148 Libello

190 1186 291 1268 edito
322 1193 463 1272 testatus
486 1197 556 1284 est,
589 1197 722 1296 inquo
747 1197 904 1294 ingenue
928 1189 1152 1271 occasionem
1186 1189 1400 1266 tractationis¹
1419 1188 1584 1286 exponit.

188 1307 262 1386 Sed
281 1323 402 1387 tamen
430 1311 540 1411 paulo
567 1314 797 1413 promptior,
830 1335 938 1412 quam
961 1316 1151 1410 parerat,
1184 1305 1254 1384 suit
1284 1307 1323 1382 in
1356 1308 1459 1384 novis
1479 1303 1585 1402 Legi·
1602 1387 1623 1398 μ

191 1429 260 1504 bus
286 1427 542 1507 constituendis
569 1433 607 1505 in
632 1429 764 1506 eodem
791 1426 958 1515 Libello,
1001 1441 1192 1526 antequam
1216 1447 1361 1502 mecum
1383 1423 1587 1498 communi-

194 1541 323 1640 casset;
354 1568 422 1622 nec
449 1559 589 1626 tantum
611 1549 649 1625 in
674 1547 890 1632 veritatem,
923 1543 983 1622 sed
1004 1547 1113 1620 ειίιιιι
1133 1545 1171 1619 in
1195 1541 1293 1618 illam
1316 1541 1427 1642 ipsam
1445 1539 1588 1651 *Legem

191 1665 458 1752 continuitatis,
494 1663 555 1741 etfi
578 1667 697 1742 minus
722 1678 865 1764 aperte,
899 1661 1021 1740 denuo
1048 1676 1167 1737 tamen
1190 1662 1364 1760 impegit3
1396 1657 1497 1758 quod
1522 1678 1590 1732 no·

115 1799 121 1806 ·
191 1780 248 1859 lui
276 1779 368 1858 Viro
396 1779 538 1881 optimo
569 1782 755 1880 objicere,
791 1805 836 1860 ne
866 1780 1006 1860 viderer
1047 1781 1121 1880 ejus
1152 1778 1404 1855 existimationi
1431 1773 1593 1852 denaba-

192 1897 354 1976 revelle.

255 2013 336 2093 Nec
364 2015 484 2093 minus
508 2029 652 2116 gramm
678 2015 729 2093 est
758 2015 859 2117 quod
892 2039 971 2092 mea
993 2011 1184 2116 explicatio
1212 2012 1384 2100 duritiei,
1425 2033 1490 2111 per
1514 2032 1603 2090 mo

193 2145 277 2210 turn
305 2131 592 2236 conspirantem,
626 2134 670 2210 ad
695 2148 855 2210 mentem
884 2149 983 2216 tuam
1013 2133 1091 2212 fuit.
1152 2131 1251 2212 Cum
1270 2153 1367 2210 anno
1401 2141 1510 2222 1670
1540 2126 1599 2206 vel

202 2261 309 2341 1671
339 2249 483 2326 ederem
515 2243 745 2358 Hypotheseos
765 2243 909 2354 Pbyficae
936 2277 1034 2326 nove
1054 2243 1304 2354 specimen,
1291 2272 1365 2347 Jam
1390 2241 1600 2347 propugna-

195 2369 283 2445 bam
307 2365 477 2444 duritiem
498 2391 575 2444 non
595 2393 615 2446 a
638 2371 757 2470 quiete
778 2367 837 2444 sed
865 2381 1006 2447 amotu
1025 2363 1101 2445 elle.
1169 2365 1216 2446 Et
1238 2364 1423 2446 Dominus
1453 2361 1598 2441 War-

198 2507 250 2562 ιι
265 2507 371 2560 srus
402 2487 441 2561 in
466 2476 776 2584 Tranfiuumtas
800 2477 971 2590 Anglicis
994 2477 1111 2563 meam
1136 2483 1235 2562 illam
1260 2479 1475 2586 hypothesin
1509 2481 1600 2561 tunc

196 2598 381 2680 'recensens
418 2607 557 2682 notavit
592 2594 707 2682 Guill.
749 2603 941 2682 Nartru
954 2627 985 2680 rr
1021 2595 1169 2704 quoque
1200 2592 1325 2700 [eum
1352 2600 1412 2680 cui
1443 2600 1600 2700 primam

197 2717 460 2797 dimensionem
490 2743 609 2800 curvae
643 2718 862 2820 Algebraicae
887 2721 1091 2817 tribuunt]
1127 2715 1321 2818 judicasse,
1354 2717 1601 2795 firmitatema

197 2851 332 2926 motu,
358 2861 454 2928 non,
487 2853 529 2917 ut
553 2837 631 2917 vult
648 2837 953 2927 Canrrsrus,
985 2864 1006 2917 a
1028 2841 1173 2938 quiete,
1205 2836 1409 2945 petendam.
1473 2827 1600 2914 Motus

53 3062 59 3071 st
198 2961 321 3034 autem
350 2954 553 3056 conspirans
583 2951 661 3034 non
692 2970 834 3036 tantum
856 2955 979 3034 resrstit
1008 2958 1166 3034 turbanti
1182 2977 1204 3053 ;·
1226 2956 1285 3034 sed
1319 2957 1357 3033 dc
1390 2954 1424 3033 se
1451 2953 1601 3032 restituit

201 3073 240 3150 &
269 3095 350 3174 quae
376 3073 465 3152 dura
490 3072 596 3163 sunt,
630 3097 669 3152 ea
699 3097 819 3151 revera
841 3072 921 3152 sunt
946 3071 1083 3152 elastica
1104 3073 1304 3153 admodum
1333 3065 1512 3175 prompta.
1543 3068 1603 3148 In·

201 3191 309 3299 terim
335 3205 612 3293 quantacunque
636 3194 689 3268 vis
713 3205 835 3268 motus
861 3191 1094 3293 conspirantis
1120 3208 1301 3293 ponatur,
1335 3211 1522 3290 nunquam
1551 3199 1604 3264 ta·

201 3330 288 3385 men
308 3331 428 3388 revera
449 3312 516 3390 erit
537 3309 702 3398 infinita,
736 3333 853 3412 neque
877 3310 967 3390 adeo
992 3309 1074 3389 ulta
1095 3313 1208 3389 atomi
1234 3309 1444 3387 dabuntur'
1434 3330 1472 3382 ιιι
1499 3317 1602 3384 natu·

202 3451 271 3524 ra3
303 3427 353 3504 &
366 3442 488 3505 motus
507 3431 633 3530 utique
660 3423 797 3529 semper
825 3430 953 3519 vinci,
986 3453 1028 3506 ac
1054 3424 1232 3506 debilitari
1255 3425 1400 3528 potest,
1435 3427 1512 3501 imo
1542 3421 1604 3499 de-

200 3545 296 3635 bet,
329 3545 378 3622 ob
406 3567 604 3645 corporum
631 3560 847 3647 perpetuum
870 3532 1035 3626 collisum
1071 3548 1163 3622 inter
1202 3545 1245 3623 se.
1307 3543 1431 3646 Itaque
1462 3539 1606 3620 nullum

205 3685 280 3761 ego
308 3675 400 3763 puto
429 3661 486 3738 vel
515 3661 668 3763 perfetta
692 3663 826 3742 durum
847 3664 905 3741 vel
929 3663 1082 3764 pernae
1115 3661 1268 3742 liuidum
1299 3677 1451 3757 extare3
1481 3657 1577 3740 sed
1566 3682 1607 3736 tn

205 3779 311 3858 omni
338 3801 492 3884 corpore
530 3775 597 3856 elle
637 3778 831 3882 quemdam
858 3781 1013 3882 gradum
1040 3779 1278 3860 firmitatis&
1311 3779 1501 3860 fluiditatis.
1561 3773 1611 3856 Et

203 3895 330 3976 multas
351 3894 432 3974 sunt
456 3895 530 3976 aliae
559 3901 737 3986 rabones,
770 3922 850 4001 quae
876 3914 1017 3980 atomos
1056 3901 1094 3978 dt
1124 3925 1279 3982 vacuum
1316 3921 1464 4006 quoque
1481 3899 1520 3975 in
1545 3916 1608 3972 na-

204 4029 288 4096 tun
314 4037 391 4090 non
414 4017 608 4118 patiuntur.
669 4015 768 4095 Vale.

306 4161 440 4238 Dabam
463 4167 637 4248 Hatnvera
664 4163 798 4261 ajout
825 4172 931 4256 1697.
1052 4242 1055 4248 ,
1189 4267 1229 4350 D
1253 4271 1354 4352 d'tiss'

879 4365 882 4373 Δ
987 4443 993 4449 -
1056 4383 1102 4466 G.
1135 4385 1183 4467 G.
1211 4297 1522 4476 Lenrnplspsm

977 4581 1065 4692 Qq
1124 4609 1156 4675 a
1522 4575 1621 4690 Rs,

254 4487 386 4571 *luillet
413 4491 499 4574 1687.
511 4512 540 4573 p.
563 4511 629 4575 744.
