4184 5526
225 295 1259 396 curnurrrr-nruuunoucurr,Erras.
1299 298 1422 390 tvm.
1487 315 1560 397 ³¹⁷

212 451 271 530 -lta
297 455 367 550 iam
388 439 552 525 venimus
582 443 626 550 ad
641 440 840 550 secundum
862 439 1038 548 indivulst
1046 441 1225 557 gradum,
1258 457 1300 526 ut
1325 447 1413 534 licet·
1434 461 1550 549 partes
1603 497 1700 580 1697

158 584 301 648 mutent
330 565 435 642 suurn
463 566 556 641 inter
577 559 634 650 se,
676 561 774 641 nulla
799 579 919 642 tamen
947 587 1026 663 pars
1053 587 1215 664 unquam
1240 565 1418 647 recedata
1441 579 1555 674 totu,
1620 589 1688 682 Jur,
1749 615 1754 624 ·
1806 577 1810 582 '

158 686 219 763 seu
243 701 284 762 ut
311 683 446 790 semper
472 680 627 788 servetur
658 683 874 788 continuitas
897 683 1054 782 partium
1073 683 1250 764 omnium.
1312 681 1422 770 Huc,
1455 682 1558 766 sibe.
1642 691 1643 694 ‘

121 839 127 854 ·
159 827 209 877 ne
234 802 290 880 Te
318 799 503 898 intelligo,
526 796 696 906 inclinare
719 797 872 887 videris,
900 799 938 888 ὃς
966 796 1080 876 fateor
1101 821 1160 877 me
1182 821 1330 898 quoque
1353 799 1443 902 laepe
1469 801 1558 888 deli.

161 915 291 996 beralle
316 941 361 994 an
384 915 468 994 talia
493 914 623 1016 dentur
649 937 831 1014 corpora,
863 913 1044 992 necdum
1067 913 1383 1014 impollrbilitatern
1411 917 1552 1010 videre,

159 1059 228 1112 nec
254 1049 374 1112 tamen
396 1032 564 1133 hellenus
590 1031 829 1110 demonstrare
853 1029 950 1132 posse
966 1030 1068 1134 quod
1086 1032 1225 1140 dentur.
1655 1037 1657 1040 ’

223 1143 370 1228 Tertius
385 1147 524 1254 gradus
547 1143 806 1248 brriivulsorum
829 1150 878 1228 est
900 1152 940 1226 in
965 1151 1203 1249 corporibus,
1225 1174 1305 1250 quae
1326 1147 1458 1250 aliquas
1476 1157 1556 1255 qui.

160 1269 246 1348 dem
263 1281 378 1369 partes
401 1279 566 1354 mutant,
598 1264 656 1342 led
670 1279 789 1344 tamen
815 1265 948 1368 aliquas
973 1264 1128 1361 servant3
1159 1267 1224 1344 ubi
1242 1265 1358 1362 rursus
1376 1253 1568 1374 quaeritur,

159 1409 209 1464 an
233 1385 335 1484 datur
355 1405 486 1483 corpus
511 1407 560 1470 a,
579 1383 631 1458 .in
655 1369 741 1484 quo'
760 1381 876 1484 aliqua
893 1407 973 1482 pars
1000 1373 1023 1456 b
1058 1381 1201 1482 semper
1239 1383 1371 1470 fixerit,
1404 1383 1558 1486 semper-

160 1527 234 1604 que
258 1502 381 1594 futura
401 1497 479 1594 sne
511 1498 652 1600 aliqua,
678 1501 850 1602 inquam,
880 1523 962 1602 pars
982 1489 1029 1584 b,
1062 1523 1138 1576 non
1168 1499 1316 1600 quidem
1348 1503 1396 1576 ita
1421 1519 1462 1581 ut
1495 1495 1557 1579 'to-

160 1633 244 1700 tum
264 1610 285 1692 b
308 1616 444 1716 semper
472 1615 580 1694 fuerit
602 1640 717 1700 unum
738 1619 974 1702 continuum,
1009 1615 1077 1712 [id
1099 1618 1196 1694 eninr
1223 1617 1395 1693 recideret
1418 1624 1457 1696 in
1477 1605 1560 1720 gra·
1689 1707 1691 1712 ,

66 1795 69 1800 ,
145 1737 254 1832 »daun
271 1731 581 1836 praecedentem]
607 1733 667 1810 sed
691 1737 739 1810 ita
762 1746 884 1811 tamen
908 1751 974 1820 ut,
1007 1733 1091 1809 licet
1105 1723 1256 1836 ipsumb
1280 1733 1458 1813 divulsum
1475 1736 1559 1814 fuis-

161 1853 398 1952 seponatur,
430 1863 546 1948 partes
574 1849 809 1928 nihilominus
835 1873 962 1940 omnes
982 1848 1088 1952 ipsius
1115 1840 1137 1924 b
1162 1847 1299 1956 semper
1324 1851 1517 1930 manserint
1541 1903 1552 1942 ,

161 1968 405 2068 mansuraque
425 1965 492 2044 fint
512 1968 555 2040 in
576 1989 626 2054 a,
658 1966 1029 2072 adeoquenunquam
1046 1963 1112 2058 nifi
1136 1963 1228 2044 intra
1252 1981 1369 2045 certos
1393 1967 1559 2052 limitesa

163 2085 380 2188 seinvicem
416 2083 593 2167 recedant.

206 2196 545 2304 ,Quartus-gradus
564 2202 644 2288 est,
676 2221 723 2282 an
756 2200 859 2280 detur
887 2225 912 2281 a
940 2198 977 2302 ὅτ
1013 2203 1052 2276 in
1088 2219 1137 2279 eo'
1157 2171 1237 2302 pars
1263 2195 1285 2276 b
1309 2200 1382 2306 irc,
1415 2217 1559 2282 utnon

162 2319 315 2422 quidenr
336 2331 455 2400 tonum
477 2310 529 2410 b,
548 2321 741 2408 neemiam
767 2317 887 2420 aliqua
904 2316 1136 2412 determinata
1166 2310 1313 2423 ipfiusb*
1326 2343 1407 2420 pars
1430 2318 1554 2406 asem·

162 2448 389 2538 permaneat
416 2436 455 2511 in
477 2457 521 2522 a,
534 2431 578 2536 [
601 2457 652 2510 eo
668 2436 766 2510 enim
793 2434 873 2514 calu
896 2433 1132 2512 recideremus
1147 2436 1185 2510 in
1212 2435 1365 2534 gradum
1380 2431 1564 2538 tertium]

163 2553 228 2632 sed
251 2566 292 2630 ut
310 2551 425 2651 aliqua
448 2564 586 2654 tamum
610 2574 691 2651 pars
715 2549 822 2652 ipflus
847 2543 868 2628 b
897 2548 1082 2631 indefinita
1106 2575 1135 2624 x
1158 2567 1298 2630 maneat
1321 2556 1360 2630 in
1384 2576 1436 2644 a,
1476 2551 1567 2629 licet

165 2670 262 2748 forte
286 2668 422 2768 suaper
445 2669 716 2763 imminuenda3
746 2669 805 2760 vel
827 2683 869 2747 ut
889 2667 1082 2746 distinllius
1097 2667 1323 2778 loquamur,
1355 2672 1467 2772 quaeri
1492 2694 1563 2772 po-

166 2787 235 2866 test
262 2811 308 2864 an
332 2785 461 2888 dentur
481 2787 524 2860 in'
544 2809 569 2860 a
586 2785 666 2864 duae
693 2801 810 2890 partes
833 2778 857 2861 b
881 2787 919 2862 ἃ
936 2803 985 2890 p,
1017 2783 1066 2862 lic
1093 2799 1135 2864 ut
1155 2785 1294 2891 semper
1326 2785 1431 2888 ipsius
1456 2779 1565 2890 bali-

146 2929 241 3006 ·qua
271 2925 351 3004 pars
371 2924 403 2984 rt-
420 2903 457 2977 &
480 2900 630 3006 ipliusp
657 2902 774 3002 aliqua
796 2927 912 3008 persy
941 2926 1127 3006 nunquam
1157 2901 1223 2980 nist
1247 2907 1339 2982 intra
1373 2919 1489 3010 certos
1519 2904 1563 2979 li·

167 3023 298 3110 mites,
329 3041 422 3118 quos
444 3041 508 3117 per
536 3015 650 3118 ipsum
673 3042 699 3095 a
712 3017 924 3106 delinimus,
957 3018 1028 3096 ase
1050 3021 1206 3096 invicem
1228 3021 1404 3099 recedant.
1437 3023 1564 3115 Quan-

170 3159 281 3238 quam
308 3134 426 3212 rurlus
459 3134 629 3234 distingui
654 3132 786 3236 poffit,
819 3161 865 3213 an
895 3135 1023 3214 limites
1048 3161 1112 3237 per
1131 3140 1175 3212 ia
1198 3123 1335 3218 deliniri
1366 3137 1433 3214 srnt
1459 3152 1565 3214 certae

169 3251 456 3352 magnitudinis,
498 3247 525 3326 fi
552 3275 729 3353 ponamus
760 3253 876 3353 ipsum
903 3279 928 3328 a
955 3279 1034 3331 earn
1062 3239 1350 3352 magnitudinem
1377 3277 1565 3353 nunquam

170 3367 343 3446 excedere
356 3391 369 3461 3
398 3389 554 3446 unvero
578 3367 647 3444 lint
671 3372 792 3468 potius
814 3370 944 3447 limites
970 3373 1058 3448 certi
1079 3367 1221 3458 officii,
1254 3367 1340 3476 utlr
1366 3394 1390 3443 a
1417 3367 1440 3471 [
1464 3368 1564 3446 velut

171 3484 337 3580 animal]
364 3487 471 3560 etiam
492 3484 609 3585 ipsum
630 3485 813 3562 indefinite
839 3483 1015 3575 crescere,
1047 3485 1107 3561 vel
1143 3488 1259 3562 minui
1290 3485 1561 3586 intelligeretur,

169 3599 219 3682 Et
237 3597 377 3702 pollent
394 3599 513 3680 multo
531 3599 634 3700 plura
655 3601 773 3684 adhuc
793 3605 831 3678 in
858 3601 1177 3680 confiderationem
1212 3607 1332 3680 venire
1354 3627 1431 3678 non
1463 3599 1564 3702 parvi
1633 3652 1637 3658 »

171 3719 350 3795 momenti
371 3717 417 3792 ad
446 3718 712 3816 penetrandum
737 3722 776 3793 in
805 3743 925 3796 rerum
950 3722 1151 3814 interiora'3
1183 3719 1243 3797 sed
1281 3719 1357 3815 hacc
1383 3719 1464 3806 Tu,
1494 3743 1565 3820 pro

173 3836 338 3912 acumine
359 3833 446 3910 Tuo
464 3835 501 3908 &
518 3857 587 3937 pro
618 3849 718 3911 aetate
742 3834 849 3924 Tua,
871 3834 997 3914 melius
1008 3835 1243 3941 prosequere.
1301 3835 1403 3914 vare.

232 3947 273 4030 P.
304 3949 337 4028 S.
370 3949 540 4050 Cogitavi
571 3975 693 4027 annon
726 3951 915 4028 artificium
938 3953 1064 4031 Tuum
1089 3953 1221 4051 punila
1253 3952 1472 4051 Synchronae
1494 3963 1567 4030 una

174 4065 388 4170 quadratura
412 4071 583 4144 continua
607 4068 813 4144 inveniendi
841 4066 976 4180 aliquid
1007 4085 1205 4169 cognatum
1242 4067 1369 4146 habeat
1390 4069 1567 4174 methodo
1591 4094 1595 4100 ’

174 4185 346 4286 sequenti.
408 4180 566 4266 Atlanta
591 4175 707 4287 (lig.
725 4185 826 4286 70.)
852 4207 923 4261 una
947 4185 1021 4265 AC
1045 4209 1090 4262 ex
1113 4190 1230 4264 curvis
1251 4184 1428 4287 pofitione
1450 4178 1745 4293 datis,'T„,X111‚

176 4303 216 4384 δι
240 4305 279 4378 in
303 4325 344 4378 ea
365 4297 516 4378 allurnto
539 4325 686 4402 quoque
714 4301 851 4404 punilo
881 4299 958 4390 rC,
990 4303 1035 4380 ad
1054 4304 1154 4404 quod
1183 4319 1349 4404 tempore
1369 4313 1469 4380 certo
1496 4302 1568 4380 BT

177 4418 463 4522 perveniendum
487 4419 560 4508 est,
593 4434 768 4522 queratur
790 4418 829 4498 id
852 4431 994 4518 tempus
1013 4446 1076 4522 per
1093 4422 1370 4527 quadraturam,
1404 4434 1508 4518 atque
1523 4422 1571 4493 ita

862 4534 928 4620 Rr
992 4559 1011 4630 3
1075 4565 1077 4570 ·
1428 4535 1583 4638 quadra·
