4168 5524
222 331 522 411 rrraxrrrr
558 285 1039 414 rrorxxo'utrtt,
1067 327 1225 402 taxer.
1253 297 1418 406 txxott.
1470 349 1543 423 409
1616 430 1620 444 ἢ

44 577 53 584 ῃ
89 551 91 560 ,
150 472 317 556 odiosum
333 479 405 572 est,
436 477 676 580 relinqueres3
709 475 876 576 illamque
891 476 1025 554 diceres
1049 473 1234 554 consistere
1249 480 1287 554 in
1308 489 1442 558 conatu
1453 501 1545 579 quo·
1591 491 1685 578 1698

151 587 234 668 dam
262 593 392 684 insito,
425 595 484 671 vel
512 594 549 671 vi
569 596 735 700 primitus
762 591 946 698 impressa,
979 591 1052 670 fine
1083 619 1154 694 qua
1184 617 1315 694 corpus
1348 618 1427 672 non
1461 592 1545 672 esset
1563 591 1687 664 ottob.

151 729 306 809 corpus,
339 711 397 787 sed
425 735 515 810 pura
550 708 706 789 extensio
733 711 945 797 uniformis,
981 735 1090 810 qnam
1127 715 1175 788 ita
1206 711 1424 814 appellares,
1458 711 1543 790 loco

150 817 326 905 Veterum
350 833 503 906 materia
541 834 665 929 primae
678 853 689 922 ;
721 827 917 904 absolverer
932 828 1054 904 *credo
1080 832 1269 926 negotium
1316 828 1428 926 longe
1461 829 1548 906 saci-

151 940 244 1030 lius,
277 957 382 1048 atque
408 946 545 1023 felicius
570 942 790 1022 assuefaceres
807 949 910 1020 novis
934 947 1093 1020 terminis
1118 958 1277 1021 mentem
1291 937 1545 1046 Cartefiaenam,

150 1057 331 1137 efferatam
351 1061 446 1162 quasi
474 1065 661 1140 veteribus.
722 1059 864 1140 Possent
885 1063 982 1136 enim
1005 1061 1091 1137 hinc
1117 1065 1240 1138 omnia
1258 1061 1337 1139 Tua
1360 1062 1549 1162 dynamica

151 1200 252 1278 teque
276 1179 378 1254 facile
398 1179 518 1256 salvari
529 1205 541 1273 ;
574 1181 610 1254 dc
629 1193 762 1256 naturae
779 1179 1036 1278 phaenomena,
1069 1193 1110 1255 ut
1130 1179 1311 1255 elasticitas
1333 1203 1542 1279 corporum,

151 1296 486 1393 inpenetrabilitas,
520 1295 739 1373 conservatio
760 1299 963 1394 quantitatis
984 1298 1135 1384 virium,
1166 1296 1234 1370 &c
1259 1296 1438 1394 explicari.
1470 1293 1552 1373 Nec

63 1455 79 1480 .
150 1425 243 1510 puto
272 1404 493 1514 Carttfianos
514 1414 622 1490 talem
654 1429 825 1489 conatum
852 1411 1019 1500 insitum,
1053 1411 1111 1489 scu
1141 1415 1217 1486 vim
1246 1409 1448 1510 impressam
1474 1416 1552 1510 jure

99 1626 106 1641 1
153 1525 333 1634 exfibilare
356 1527 480 1630 posse:
513 1549 695 1628 coguntur
730 1532 864 1616 enim,
899 1530 936 1603 dr
964 1527 1050 1628 ipfi,
1083 1530 1232 1605 statuere
1260 1532 1444 1606 materiam
1469 1553 1555 1608 cum
1587 1579 1590 1583 -

153 1659 260 1723 motu
285 1645 388 1723 smml
416 1662 569 1724 creatam
595 1645 670 1724 elle.
734 1640 838 1740 Quid
861 1646 899 1720 ni
915 1668 1003 1743 ergo
1031 1647 1140 1722 etiam
1174 1669 1259 1724 cum
1286 1660 1391 1724 motu
1417 1645 1556 1724 infinite

154 1763 286 1840 tardo?
317 1764 451 1852 idest,
485 1788 569 1841 cum
602 1781 735 1844 conatu
766 1762 811 1838 ad
839 1775 1007 1850 motum,
1039 1761 1098 1840 seu
1134 1787 1219 1840 cum
1247 1761 1309 1840 tali
1344 1765 1404 1852 vi,
1449 1788 1559 1864 quam
1636 1849 1642 1854 .

154 1879 215 1957 Tu
240 1901 346 1956 rocas
368 1879 540 1980 aptissime
559 1896 767 1968 mortuam,
800 1903 871 1979 qua
900 1903 1191 1979 unamquamque
1220 1881 1374 1956 materiae
1399 1885 1558 1980 particu-

154 1997 252 2084 lam,
286 2001 514 2097 quantumvis
540 2000 737 2096 exiguam,
770 1998 943 2076 donatam
971 1993 1037 2072 esse
1065 1995 1328 2083 existimarem,
1362 1995 1558 2097 &quidem

153 2137 223 2214 pro
242 2111 443 2192 diversitate
471 2114 759 2215 complicationis
794 2115 927 2222 horum
957 2127 1174 2200 conatuum,
1207 2113 1471 2203 diredionum,
1497 2114 1556 2192 seu

153 2229 442 2336 tendentiarum,
474 2247 639 2332 putarem
663 2232 797 2310 diversa
818 2228 1023 2326 hujusmodi
1048 2254 1203 2331 corpora
1227 2233 1323 2308 oriri.
1376 2231 1555 2310 Sanenon

154 2345 264 2426 ausim
289 2371 418 2447 negare
449 2352 667 2426 creationem
697 2345 850 2428 univers1
876 2343 1065 2424 constitisse
1095 2347 1267 2424 duntaxat
1295 2349 1335 2422 in
1365 2351 1460 2425 varia
1490 2349 1553 2426 ista

154 2461 379 2564 impressione
402 2479 596 2546 conatuum
611 2493 622 2561 3
638 2467 755 2544 nolim
779 2481 898 2542 tamen
922 2459 1065 2540 asserere
1092 2462 1334 2541 extensionem
1359 2464 1456 2542 illam
1472 2466 1553 2541 uni·

153 2580 334 2668 sormem,
367 2582 425 2660 seu
446 2585 629 2661 materiam
653 2587 834 2682 primam,
868 2577 1088 2679 praeextitille
1126 2583 1170 2657 ab
1200 2591 1357 2676 aetern'o3
1389 2580 1553 2682 adeoque

156 2721 241 2774 cum
274 2696 358 2775 Deo
394 2704 538 2778 unicam
565 2699 791 2778 substantiam
815 2695 949 2793 fuisse3
981 2722 1026 2774 ne
1059 2695 1271 2796 spinostzare
1302 2697 1448 2775 videar:
1480 2697 1554 2798 ipsa

154 2817 252 2890 enirn
275 2814 335 2892 illa
359 2815 547 2896 diffusione
573 2819 705 2894 virium
723 2874 734 2905 ‚
767 2813 1010 2893 extensionem
1028 2829 1255 2892 concreatanr
1273 2811 1359 2904 elle,
1376 2815 1468 2892 milri
1485 2814 1555 2894 suf·

156 2929 231 3008 ficit
253 2931 381 3010 dicere.
1143 3019 1147 3026 ,

215 3047 408 3127 Transmifi
440 3052 557 3127 statim
588 3049 837 3128 Vororno
877 3047 1144 3149 pousenptum
1174 3061 1303 3140 tuum3
1335 3053 1354 3145 i
1384 3048 1551 3136 habebit,
1656 3073 1659 3076 ·

157 3187 234 3242 non
262 3165 412 3256 dubito,
444 3171 550 3245 etiam
577 3166 658 3245 suos
687 3165 891 3266 scrupulos,
925 3169 1078 3242 circaea
1111 3189 1191 3264 quar
1222 3165 1266 3239 de
1291 3164 1430 3248 formis'
1455 3165 1553 3241 dicis.

159 3281 333 3361 Consului
357 3283 438 3384 ipsr,
471 3299 512 3363 ut
534 3285 578 3362 ad
604 3284 660 3362 Te
688 3287 804 3385 ipsum
827 3281 972 3370 scribat,
1005 3280 1132 3382 siquid
1149 3279 1374 3358 monendum
1398 3279 1554 3358 haberet

158 3397 253 3492 Quae
279 3401 330 3476 ibi
356 3400 463 3478 habes
489 3401 534 3479 de
556 3400 801 3480 continuitatis
825 3400 930 3500 lege,
964 3398 1121 3498 impense
1146 3399 1235 3473 mihi
1254 3395 1557 3497 placuerunt3sed

137 3517 261 3616 ·quod
286 3517 447 3596 observas
467 3519 692 3596 celeritatem
714 3543 791 3595 non
820 3541 897 3594 uno
927 3521 1063 3614 impetu
1091 3511 1277 3614 imprimi,
1310 3513 1372 3618 sed
1389 3521 1419 3591 ‘a'
1437 3516 1557 3615 quiete

159 3657 223 3734 per
246 3657 373 3712 omnes
396 3634 531 3735 gradus
555 3635 786 3712 intermedius
809 3633 1018 3718 ascendere,
1051 3631 1106 3709 Te
1130 3656 1206 3708 non
1233 3633 1350 3708 invito
1376 3630 1553 3720 dixerim,

160 3753 266 3826 etiam
292 3775 350 3827 me
378 3749 534 3831 habuisse
560 3751 645 3829 tales
675 3755 913 3850 cogitationes
941 3752 1014 3846 jam
1039 3773 1058 3825 a
1089 3749 1208 3847 longis
1231 3752 1341 3825 annis.
1401 3747 1444 3827 ld
1470 3771 1558 3826 vero

120 3937 136 3959 ,,
159 3866 268 3967 paulo
297 3867 397 3945 aliter
416 3871 615 3969 exprimere
639 3868 796 3946 solebam
819 3927 829 3956 ,
862 3865 1019 3943 dicendo
1046 3866 1220 3944 Naturam
1242 3865 1333 3941 nihil
1356 3889 1402 3944 ex
1416 3867 1559 3966 abrup-

160 3997 227 4072 to,
259 4007 376 4084 neque
402 3989 579 4089 incipere,
612 4009 730 4087 neque
748 3985 872 4069 finire3
904 3983 1034 4060 eodem
1062 3981 1176 4058 modo
1212 4007 1255 4060 ac
1295 3981 1414 4060 omnis
1452 4006 1561 4062 curva
1658 4057 1661 4062 ,

163 4103 345 4202 principio
369 4103 406 4179 &
428 4102 500 4180 fine
531 4117 665 4197 careat3
696 4103 735 4179 id
764 4103 838 4192 est,
871 4100 928 4177 vel
952 4102 990 4174 in
1009 4099 1043 4174 se
1070 4097 1211 4188 redeat,
1245 4099 1306 4176 vel.
1326 4103 1495 4201 utrinque
1520 4102 1560 4175 in

165 4215 346 4295 inlinitum
379 4220 509 4308 abeat,
541 4219 644 4299 salvis
667 4233 787 4300 tamen
811 4216 995 4298 nonnullis
1024 4219 1296 4318 exceptionibus
1303 4243 1315 4314 3
1346 4216 1432 4295 hinc
1448 4239 1560 4316 quan-

211 4325 325 4412 ‘Tana
356 4329 392 4412 Ι.
897 4333 926 4413 F
944 4332 996 4411 tf
1443 4334 1559 4408 titattt

250 4523 271 4580 't
293 4526 400 4588 Idcirco
420 4527 495 4590 illud
513 4522 597 4608 deest,
