4292 5530
566 399 637 478 134
749 384 1817 494 OQMMBRCIUMM'ISTOLICUM,

401 578 497 664 1696
565 554 645 618 ante
663 562 803 622 annum
829 544 868 618 in
890 538 984 618 Attis
1004 535 1196 641 proposui,
1230 539 1249 631 i
1271 533 1362 613 illud
1381 559 1459 613 non
1481 535 1572 614 adeo
1593 537 1775 638 inelegans
1792 537 1955 636 reperies,

400 675 494 746 Febr.
561 663 652 760 quin
671 673 770 737 tuam
787 658 1064 764 applicationem
1082 667 1267 730 mereatur.
1330 653 1448 732 Grave
1465 677 1595 760 nempe
1616 659 1654 732 in
1679 654 1788 756 plano
1809 657 1963 734 verosa

565 774 857 863 lidescendens,
892 775 929 851 &
959 769 1129 850 evolvens
1151 795 1297 850 curvam
1322 771 1477 874 aliquam
1507 772 1686 876 quaefitam
1713 771 1950 858 acceleratur,

568 895 605 971 dc
627 893 780 994 proinde
801 889 1072 986 vis’centrifuga
1092 889 1159 966 hac
1178 892 1314 966 ratione
1333 905 1492 990 augetur.
1555 889 1742 985 Quoniam
1773 903 1902 968 autem·
1916 885 1954 966 fi-

569 1011 645 1089 lum
663 1010 860 1098 evolvens,
894 1013 954 1087 cui
980 1029 1088 1108 grave
1109 1007 1293 1106 alligatum
1324 1009 1396 1097 est,
1430 1007 1643 1108 elongatur;
1678 1011 1731 1084 vis
1757 1005 1955 1106 centrisuga

568 1128 635 1204 hac
662 1131 799 1204 ratione
823 1129 1007 1206 minuitur.
1070 1127 1253 1221 Qiaeritur
1275 1129 1394 1228 itaque
1415 1125 1642 1204 Construfflo
1664 1123 1817 1213 Curvae,
1842 1123 1955 1201 utde-

568 1263 747 1322 crementa
766 1249 817 1321 vis
846 1244 1093 1344 Centrisugae,
1127 1245 1171 1319 ab
1193 1243 1422 1344 elongatione
1441 1243 1492 1320 fili
1515 1243 1693 1344 profesta,
1727 1240 1955 1342 compensen-

566 1377 625 1440 tur
645 1388 707 1464 per
724 1367 940 1440 incrementa
956 1363 1110 1460 eiusdem
1136 1365 1188 1436 vis
1214 1363 1258 1437 ab
1281 1360 1535 1442 acceleratione
1555 1364 1823 1460 provenientia;
1845 1357 1882 1432 id
1894 1361 1950 1445 est,

567 1496 608 1558 ut
638 1481 749 1557 tensio
773 1481 823 1556 fili
845 1481 982 1584 semper
1001 1481 1125 1556 eadem
1152 1493 1292 1555 maneat
1304 1505 1316 1574 3
1331 1477 1406 1556 wel
1426 1483 1471 1558 ut¹
1492 1477 1594 1558 filrun
1619 1478 1758 1584 semper
1779 1481 1817 1555 vi
1833 1475 1953 1556 eaden

564 1599 784 1676 extendatur.
1837 1635 1842 1646 ¹

567 1733 570 1738 ·
624 1715 819 1809 Quanam,
852 1717 889 1792 in
916 1715 1052 1794 Centro
1074 1713 1304 1814 percusionis
1337 1713 1573 1816 indagando,
1606 1714 1672 1794 alia
1692 1717 1827 1794 oriatur
1849 1715 1953 1794 subti-

566 1831 663 1922 litas,
698 1857 805 1934 quam
828 1833 907 1920 illa,
936 1849 977 1920 ut
998 1831 1264 1909 considerentur
1289 1831 1458 1933 quadrata
1479 1833 1700 1912 celeritatum
1732 1833 1951 1924 ashralium,

567 1973 631 2027 ceu
652 1954 689 2026 in
714 1953 896 2053 prioribus
916 1953 1003 2026 meis
1027 1953 1159 2039 innui,
1193 1947 1430 2029 lubentissime
1453 1950 1544 2028 mibi
1561 1954 1697 2052 exponi
1717 1961 1904 2052 cuperem

623 2069 684 2146 Ais
705 2068 761 2145 Te
783 2068 873 2143 olim
902 2063 1110 2142 examinasse
1135 2067 1360 2144 resistentiam
1386 2067 1615 2168 respeutvam
1639 2069 1685 2146 ad
1703 2069 1794 2146 Tuae
1811 2071 1953 2149 aestima

514 2212 516 2220 J
564 2189 673 2263 tionis
694 2183 827 2283 Leges,
848 2186 884 2261 dc
913 2197 1031 2261 tamen
1057 2207 1175 2262 veram
1203 2182 1469 2288 deprehendere
1487 2212 1498 2279 3
1530 2184 1590 2263 sed
1608 2186 1738 2281 nescio⁴
1753 2202 1877 2266 utrum
1895 2213 1951 2265 ve-

565 2327 647 2382 rum
670 2319 798 2402 putes,
824 2325 867 2378 aii
885 2301 986 2402 quod
1006 2301 1201 2380 resistentia
1223 2299 1419 2405 respesiivae
1438 2301 1506 2380 sint
1525 2316 1566 2380 ut
1590 2303 1785 2403 quadrata,
1811 2327 1857 2380 an
1870 2327 1951 2382 vero

565 2437 607 2497 ut
628 2423 711 2496 cubi
730 2411 1092 2514 celeritatun13²illud
1121 2419 1276 2521 vulgaris
1297 2419 1347 2498 est
1374 2423 1523 2524 opinio,
1556 2417 1630 2498 hoc
1659 2437 1779 2502 autern
1806 2445 1852 2504 ex
1869 2421 1951 2503 edu

564 2541 758 2615 tiiuarionis
781 2537 869 2617 Tuae
887 2537 966 2640 lege
987 2537 1225 2640 coriisquitur.

625 2655 766 2734 silitum
788 2675 964 2758 quantuni
998 2681 1058 2736 ine
1092 2643 1340 2752 delectarunt,
1374 2687 1452 2768 quae
1480 2661 1587 2744 habes
1627 2663 1672 2742 de
1695 2667 1732 2742 vi
1756 2665 1952 2756 decuria,

569 2777 606 2851 &
627 2778 821 2874 quartitate
843 2777 1044 2856 diredionis
1055 2777 1100 2856 ad
1122 2780 1259 2859 easdem
1275 2795 1412 2886 partes,
1445 2785 1506 2863 seu
1528 2785 1723 2885 quantitate
1740 2781 1954 2889 progressus

567 2895 631 2968 ubi
656 2889 805 2992 pulchre
825 2893 1008 2984 detexisti,
1041 2900 1129 2998 quid
1152 2898 1186 2980 C
1194 2923 1410 2990 tarasio
1436 2901 1579 3004 aliisque
1604 2901 1648 2978 ad
1663 2925 1823 2980 errorem
1840 2899 1954 2980 ansam

568 3009 732 3104 desierim
758 3009 889 3089 scilicet
915 3014 1016 3114 quod
1037 3007 1122 3095 cum
1147 3017 1310 3096 viderent
1338 3021 1608 3098 aestimationem
1630 3041 1676 3096 ex
1703 3019 1812 3098 auus
1834 3018 1954 3095 celeri-

567 3131 647 3202 imis
669 3129 706 3201 11
723 3128 860 3205 molem
880 3131 1031 3232 alicubi,
1062 3150 1104 3213 ut
1131 3138 1169 3222 in
1188 3135 1336 3218 duobus
1356 3137 1476 3238 globis
1500 3135 1654 3239 perteue
1681 3135 1848 3224 elasticis,
1863 3141 1955 3214 inter

568 3272 600 3318 ie
613 3281 633 3332 ,1
657 3243 892 3324 celeritatibus
913 3274 993 3349 quae
1009 3247 1076 3328 ssiit
1096 3256 1278 3357 reciproce
1297 3239 1584 3356 proportionales
1607 3255 1845 3356 corporibus,
1870 3278 1958 3331 con-

568 3365 791 3440 currentibus
810 3390 821 3459 ;
854 3368 917 3465 qui
937 3369 1017 3466 post
1042 3369 1175 3460 isium,
1210 3371 1354 3470 pristina
1372 3372 1549 3451 celeritate
1566 3375 1878 3472 repercutiuntur,
1903 3371 1956 3449 lo·-

566 3495 652 3554 'cum
679 3477 829 3573 liabere;
860 3482 1033 3566 fallaciam
1054 3491 1318 3564 connnittentes
1348 3489 1565 3568 inductionis
1587 3491 1721 3589 ubique
1759 3489 1812 3566 illl
1834 3489 1956 3568 locum

566 3593 732 3670 iacerent.
778 3595 885 3674 Reda
908 3600 995 3680 dicis
1013 3603 1114 3704 quod
1140 3607 1190 3679 vis
1215 3604 1402 3694 diseretis,
1425 3631 1470 3683 ex
1499 3607 1572 3685 sola
1594 3605 1878 3684 consideratione
1891 3631 1957 3708 po-

568 3714 686 3788 tentia
704 3711 861 3792 obsolute
883 3709 1013 3816 dedu‘ci
1041 3723 1077 3795 dr
1105 3722 1338 3808 demonstrari
1364 3723 1490 3828 possit:
1521 3724 1581 3801 sed
1608 3727 1755 3802 nonita
1780 3724 1884 3802 facile
1908 3727 1957 3802 est

568 3827 831 3920 demonstrare,
864 3833 1007 3934 semper
1020 3838 1181 3916 eamdem
1199 3843 1430 3940 quantitatem
1452 3840 1655 3919 diredionis
1681 3838 1958 3943 seu-progressus

571 3945 777 4022 conseruari.
837 3949 985 4028 Interim
1009 3952 1193 4050 sescenis,
1223 3958 1296 4054 jam
1318 3982 1337 4033 a
1365 3958 1484 4058 longis
1507 3962 1630 4046 annis,
1656 3957 1768 4036 simile
1795 3956 1958 4036 formasse

569 4064 811 4162 principium;
840 4067 969 4165 quod,
1002 4095 1047 4146 ex
1065 4071 1251 4150 occasione
1272 4073 1374 4162 Tui,
1406 4079 1538 4152 iterum
1562 4077 1600 4151 in
1621 4080 1834 4154 memoriani
1855 4083 1958 4155 rouo·

567 4181 667 4265 caui,
702 4184 739 4255 dc
764 4183 844 4280 post
871 4185 1071 4263 institutum
1089 4186 1250 4266 Examen
1273 4190 1422 4266 mirifice
1445 4215 1530 4268 curn
1549 4192 1635 4270 Tuo
1664 4193 1874 4298 conspirare
1896 4193 1956 4270 de·

567 4295 751 4396 prehendi.
812 4295 906 4379 Illud
930 4315 1049 4377 autem
1074 4305 1125 4378 est
1141 4297 1232 4380 tale:
1249 4305 1291 4381 si
1312 4305 1481 4412 Corpora·
1501 4322 1755 4415 quotcunque,
1787 4315 1827 4390 in
1853 4326 1958 4388 motu

1653 4475 1657 4484 ·
1830 4429 1958 4508 consii-

410 4567 417 4583 ι
530 4559 532 4564 Ι
592 4609 623 4704 ,4
644 4607 718 4671 ‘'3“
736 4611 825 4705 firm?-
854 4608 947 4698 suppl·
968 4611 1184 4688 ’1011111Ὶώ
1205 4617 1396 4701 111191
1418 4625 1485 4703 Opp.
1506 4619 1632 4692 Tomi.
1655 4596 1960 4702 1101111111141.

564 4687 894 4790 videsupraepum.
1660 4717 1664 4726 ·
1739 4727 1744 4746 2
1983 4717 1988 4726 ·
