4168 5524
197 327 523 398 IIIIIIITII·
539 329 612 398 IIII
633 321 832 412 flammo
849 323 1042 410 statis,
1061 316 1227 422 lissam,
1252 311 1435 414 LXXXII
1474 329 1549 406 413.

152 559 156 570 ⁵
362 617 384 646 ··
444 624 933 714 paramona-
986 626 1259 726 saxum

151 836 614 930 caraussii
672 837 790 928 nu
850 777 1548 934 launomarum
1687 880 1691 888 ,

454 1061 727 1208 Responsio
770 1059 836 1172 ad
873 1061 1253 1208 praecedentem.

153 1321 204 1389 De
232 1315 375 1410 irpinito,
396 1329 511 1386 natm
532 1313 669 1406 corpori
691 1306 737 1396 Ed
759 1311 953 1396 Mundibm.
978 1319 1029 1389 De
1047 1312 1111 1407 Iege
1122 1314 1291 1407 gravitati
1309 1305 1550 1384 Newtoniam

581 1417 633 1483 De
649 1412 810 1506 sermnem
827 1430 1009 1484 mantra.
1067 1417 1172 1487 Varia.

354 1599 431 1690 Vir
461 1599 761 1692 Celeberrimel
807 1601 948 1690 fautor
975 1599 1309 1690 Honoratissrmel

292 1823 361 1902 Uia
379 1823 464 1902 Tibi
488 1851 566 1904 non
599 1822 785 1926 displicent
817 1823 1136 1904 animadversiones
1172 1849 1262 1902 meae
1293 1826 1331 1900 in
1357 1813 1548 1924 Gregoriae-
1606 1843 1702 1921 1698

308 1963 394 2018 nam
422 1942 614 2022 Catenariae
645 1941 891 2034 solutionem,
931 1968 1026 2042 rogo
1060 1959 1101 2022 ut
1129 1967 1184 2043 eas
1210 1943 1300 2020 Tuis
1329 1937 1476 2018 inclusas
1504 1937 1548 2013 ad
1569 1929 1742 2012 Novemb.
1778 1995 1782 2004 .

150 2045 291 2136 Duum.
327 2057 597 2139 Meucxaur
612 2081 679 2135 un
703 2081 773 2162 pro
786 2053 897 2137 Aeris
924 2066 1070 2155 mittas}
1102 2065 1150 2138 ita
1171 2076 1211 2138 ut
1244 2055 1379 2135 necesse
1404 2081 1478 2131 non
1509 2051 1551 2129 s1t

153 2176 186 2249 ei
203 2175 390 2260 Indicarea
410 2201 486 2278 quo
503 2177 581 2264 sint.
593 2175 749 2258 Dudum
762 2179 859 2253 enim
883 2177 1064 2281 poliscitus
1080 2181 1130 2256 est
1148 2177 1182 2254 se
1203 2173 1545 2258 Aciriinserturum,

153 2289 179 2364 fi
202 2292 290 2391 quid
314 2291 386 2372 stne
410 2295 596 2372 stomacho
621 2315 861 2371 moneremus,

212 2407 315 2486 Dicis
339 2419 435 2488 meas
462 2413 554 2489 circa
579 2399 901 2514 μεταιφυσικῶτερω
926 2410 985 2489 illa
1012 2415 1118 2490 nimis
1150 2407 1216 2488 esse
1244 2409 1454 2501 laconicas;
1491 2400 1557 2480 sed
1660 2410 1662 2419 '

152 2523 237 2600 dedi
247 2571 265 2614 ,·
291 2527 329 2603 ni
354 2527 470 2618 fallor,
498 2553 674 2632 operam,
707 2545 748 2608 ut
768 2531 935 2632 loquerer
959 2545 1122 2608 accurate
1144 2531 1180 2606 &
1205 2527 1374 2604 rotunde.
1434 2521 1552 2617 Quod

153 2639 282 2743 fiquae
306 2644 546 2722 dubitati0nes
575 2646 783 2746 supersunt,
816 2651 858 2724 iis
883 2647 1137 2750 respondendo
1160 2641 1353 2724 satisfacere
1381 2641 1554 2720 conabor,

153 2757 215 2836 Ais
247 2785 307 2836 me
339 2759 487 2838 attulisse
518 2763 742 2842 definitiones
766 2769 888 2867 potius
919 2789 1026 2866 quam
1059 2764 1324 2865 explicationes.
1353 2759 1356 2770 ⁴
1384 2759 1454 2838 Sed
1484 2754 1558 2836 uti·

154 2899 238 2950 nam
262 2876 399 2978 semper
431 2879 657 2960 definitiones
674 2881 907 2960 afferrentur!
938 2907 1023 2959 nam
1046 2882 1113 2957 illis
1136 2881 1391 2984 explicationes
1417 2879 1554 2952 virtute
1717 2865 1720 2872 ’

157 2992 399 3074 continentur.
462 2998 577 3094 Quod
615 3001 786 3076 terminos
815 2998 1060 3078 mfinitefimos
1093 3003 1247 3086 attinet,
1291 2995 1433 3071 videtur
1461 2990 1554 3067 mihi

154 3133 232 3186 non
255 3125 395 3191 tantum
424 3101 468 3190 ad
499 3139 560 3222 eos
577 3139 655 3195 non
680 3114 778 3216 posse
799 3120 998 3218 perveniri,
1032 3117 1222 3195 sed-etiam
1242 3137 1303 3191 eos
1322 3135 1399 3188 non
1424 3105 1490 3185 esse
1515 3111 1555 3184 in

156 3242 301 3315 natura,
335 3229 372 3306 id
392 3232 477 3318 est„
499 3255 576 3308 non
606 3229 673 3310 effe
711 3231 893 3334 possibiles
903 3258 915 3330 3
947 3231 1083 3338 alloqui
1107 3233 1243 3320 fateor,
1276 3245 1319 3306 ut
1338 3232 1409 3326 jam
1438 3224 1556 3313 dixi,

157 3340 434 3428 liconcederem
450 3345 516 3425 esse
534 3347 658 3450 posse,
692 3351 928 3428 concederem
954 3349 1033 3430 esse.
1072 3348 1282 3427 Videndum
1298 3361 1388 3442 ergo·
1403 3367 1561 3444 quanam

157 3457 296 3540 ratione
326 3463 559 3544 demonstrari
578 3465 707 3568 possit,
739 3467 940 3568 pofflbiIem
967 3466 1123 3566 exempli
1152 3467 1293 3566 gratia,
1324 3459 1390 3539 esse
1426 3459 1561 3537 lineam

154 3575 288 3654 retiam
307 3581 508 3672 infinitam,
541 3585 578 3661 &
601 3601 720 3662 tamen
745 3589 914 3688 utrInque
939 3587 1175 3661 temrinatam.
1234 3581 1303 3660 Sed
1321 3579 1366 3657 ad
1387 3595 1471 3658 tuos
1489 3602 1562 3654 nu·

158 3715 277 3772 meros
300 3701 420 3776 venio.
1691 3795 1693 3798 Ι

217 3810 274 3888 Ad
311 3838 342 3892 1.
374 3813 470 3893 Cum
496 3815 572 3892 dixi
598 3815 782 3895 materiam
805 3802 1055 3919 primamesse
1076 3818 1115 3896 id
1136 3816 1238 3920 quod
1265 3817 1314 3905 esi
1338 3838 1438 3891 mere
1458 3807 1563 3914 palli-

155 3935 273 4017 'tum,
307 3933 344 4008 ἃ
361 3934 405 4009 ab
426 3935 610 4012 animabus
628 3935 687 4012 seu
711 3933 835 4014 sormis
855 3935 1075 4034 sejunstum,
1110 3937 1162 4012 bis
1182 3934 1281 4010 idem
1306 3933 1402 4027 dixi3
1419 3931 1475 4009 seu
1495 3955 1562 4031 pe-

159 4045 263 4122 rinde
287 4049 338 4126 est
355 4045 442 4128 acfi
466 4047 628 4128 dixissem
647 4049 713 4128 else
733 4077 830 4129 mere
848 4051 1015 4154 passivam
1043 4053 1080 4127 dt
1106 4053 1150 4130 ab
1177 4049 1280 4129 omni
1301 4049 1475 4126 adivitate
1501 4038 1522 4123 s
1539 4092 1559 4110 ·

160 4163 329 4258 junsiam.
388 4161 528 4244 Forma
547 4169 644 4245 enim
669 4167 759 4245 nihil
776 4171 874 4247 aliud
898 4168 1115 4258 nubilant,
1149 4193 1260 4272 quam
1287 4165 1487 4245 nativitates
1499 4163 1562 4246 seu

154 4273 396 4371 'Entelechiae‚
435 4283 727 4362 &substantiales
753 4283 902 4388 quidem
924 4287 1003 4367 sunt
1032 4285 1247 4364 Entelechiae
1272 4287 1474 4388 primitivae

155 4411 160 4418 ’
220 4395 279 4476 Ad
310 4421 347 4480 2.
377 4399 494 4481 Malui
516 4399 633 4480 dicere
661 4405 925 4512 incompletum
962 4401 1029 4482 effe
1069 4405 1222 4486 aslivum
1246 4401 1318 4480 line
1341 4399 1492 4503 pulsato,
1525 4399 1566 4474 dc

866 4521 937 4648 Fs
952 4521 973 4598 f
1033 4545 1052 4613 3
1166 4545 1183 4570 ·
1460 4533 1566 4631 passe
