4168 5524
534 346 608 433 448
730 339 1227 433 comannorum
1270 343 1796 446 arrarorreura

400 519 495 596 1699
537 497 748 597 judiciaria,
790 501 891 602 quod
914 499 1036 578 miron
1096 492 1214 594 Quod
1246 502 1295 577 ait
1326 499 1419 578 hanc
1440 502 1729 603 propositionem
1750 499 1858 582 Deus
1869 497 1927 603 ‘st’

405 611 490 688 Maii
539 615 742 695 coincidere
765 639 849 694 curn
874 617 954 704 illa,
986 607 1074 694 Duo
1095 613 1364 694 contraedrmm
1382 641 1453 692 non
1469 611 1560 722 poffe
1569 615 1686 721 fimul
1708 613 1772 720 effl·
1793 644 1887 698 vera
1914 677 1927 708 ,

469 807 470 812 a
539 731 649 833 paulo
670 733 780 814 lanius
805 734 940 812 diuum
963 747 1082 837 puto,
1115 747 1156 811 ut
1181 733 1270 810 solet
1298 732 1373 810 sieri
1391 739 1434 812 ab
1456 735 1524 812 iilis
1552 739 1615 837 qui
1649 753 1769 814 amant
1806 766 1927 836 napa-

541 837 756 946 doffomprir.
808 850 904 928 Cum
932 852 969 924 in
993 849 1128 926 litteris.
1148 849 1192 925 ad
1221 871 1279 926 me
1307 847 1374 928 suis
1396 849 1485 927 olim
1520 852 1616 929 idem
1642 856 1827 944 innueret,
1858 855 1931 930 res-
2065 838 2074 913 l

541 967 658 1067 pondi
678 965 744 1043 effe
765 965 844 1042 sane
863 980 1052 1064 cognatas,
1096 967 1133 1044 a
1170 969 1263 1044 inter
1294 965 1585 1046 fundamentales.
1653 969 1750 1046 Nam
1791 969 1931 1048 Divina

540 1081 682 1162 essentia
706 1085 775 1170 est,
806 1098 846 1161 ut
870 1081 917 1160 src
943 1083 1079 1170 dicam,
1113 1085 1215 1181 regio
1235 1096 1447 1160 aeternarum
1474 1081 1680 1175 veritatum,
1713 1089 1762 1162 ita
1792 1099 1835 1164 ut
1862 1109 1930 1186 per

541 1202 763 1278 existentiam
781 1195 855 1276 Dei
874 1201 1034 1276 veritates
1059 1201 1150 1274 circa
1173 1195 1345 1298 posibilia
1362 1222 1440 1276 non
1467 1202 1650 1278 existentia
1686 1201 1891 1280 realisentur
1914 1259 1925 1289 ,

539 1315 696 1414 subjesto
717 1319 754 1390 dr
779 1314 1052 1391 sustentamento
1076 1315 1158 1390 alias
1181 1319 1349 1392 caribnae
1382 1313 1441 1394 an
1468 1315 1543 1394 hoc
1567 1317 1683 1418 ipsum
1708 1317 1924 1396 relitDnus.

539 1433 743 1511 erum
759 1457 833 1511 rus
862 1431 1000 1520 nescio,
1033 1433 1156 1514 litteris
1172 1431 1353 1508 enimillis
1372 1435 1461 1508 meis
1483 1457 1560 1511 non
1587 1431 1778 1538 respondit
1811 1435 1927 1530 Quod

539 1551 587 1624 air
607 1548 764 1626 Atheum
789 1545 855 1624 esse
874 1548 1004 1624 animal
1021 1535 1310 1642 davaao'pwm,
1342 1547 1443 1649 quod
1456 1547 1590 1628 sublata
1600 1553 1735 1628 unitate
1754 1574 1927 1630 numeros
1973 1577 1978 1586 ⁴

477 1703 479 1729 ·
537 1663 707 1765 superesse
731 1661 828 1764 posse
856 1667 977 1766 inepte
998 1661 1129 1761 fingam
1160 1687 1237 1739 non
1262 1663 1409 1764 quidem
1428 1667 1549 1766 inepte
1570 1666 1705 1744 dietum
1726 1667 1801 1755 est,
1825 1667 1927 1772 siper

538 1786 712 1862 mantem
730 1779 904 1878 intelligat
926 1782 1170 1879 principium,
1204 1781 1241 1855 &
1265 1803 1330 1880 per
1356 1805 1527 1860 numeros
1549 1785 1767 1884 principiam
1830 1784 1926 1862 Nam

404 1987 405 1990 p
487 1911 489 1920 ’
536 1895 672 1997 alioqui
693 1921 768 1973 non
786 1895 879 1974 solus
900 1895 1000 1974 Deus
1018 1896 1068 1971 est
1100 1899 1239 1986 unitas,
1285 1895 1342 1973 sed
1384 1897 1572 1977 substantia
1606 1901 1724 1975 omnis
1763 1897 1928 2001 oppofira

535 2011 753 2102 substantiis,
786 2011 844 2090 seu
864 2028 1085 2110 aggregato,
1119 2015 1168 2088 est
1182 2035 1330 2108 monas3
1346 2016 1466 2115 itaque
1502 2013 1577 2093 hoc
1614 2019 1775 2115 torqueri
1811 2015 1926 2116 posset

536 2145 710 2205 nontam
736 2133 852 2204 ineos
875 2133 938 2228 qui
956 2141 1090 2224 negant
1119 2129 1275 2215 Deum,
1308 2153 1416 2231 quarn
1439 2132 1477 2206 in
1496 2129 1577 2207 illue
1601 2131 1805 2232 qui-nullas
1832 2131 1927 2211 subs-

537 2249 663 2320 tantias
690 2245 935 2324 immateriales
958 2243 1165 2342 agnoscunt
1227 2243 1321 2338 Quae
1343 2247 1389 2323 de
1405 2245 1574 2326 structura
1591 2245 1719 2324 mundi
1742 2246 1850 2326 hauet
1880 2273 1926 2326 ex

536 2361 732 2438 duodecim
757 2357 915 2440 claslrbus
940 2361 1255 2458 intelligentiarum
1274 2360 1557 2450 tornaricium,
1604 2363 1859 2467 concursuque,
1887 2367 1925 2441 ἃ
2076 2451 2077 2480 Ν

535 2477 727 2556 coalitione
747 2479 930 2556 radiorum
953 2477 1142 2555 oaelestium
1171 2475 1519 2579 hypermetaphyfica
1544 2477 1642 2568 sunt,
1678 2504 1758 2579 quae
1782 2503 1926 2558 nonca-

534 2598 610 2694 pio.
671 2593 830 2693 Oportet
860 2618 928 2696 per
957 2593 1075 2670 radios
1099 2593 1248 2670 caelestes
1273 2596 1316 2671 ab
1341 2594 1417 2693 ipso
1440 2595 1592 2693 intelligi
1615 2593 1750 2697 aliquid
1783 2597 1897 2674 ideale
1910 2624 1936 2692 3,
2076 2621 2077 2696 q

449 2789 453 2804 ,
535 2707 672 2813 alioqui
696 2713 792 2788 enim
812 2710 928 2810 ipsum
952 2705 1076 2811 utiqire
1100 2709 1227 2786 caelum
1249 2734 1334 2788 cum
1375 2709 1443 2787 suis
1477 2709 1710 2790 luminaribus
1749 2713 1785 2788 ἃ
1819 2712 1923 2790 radiis
2076 2699 2077 2742 ³

536 2841 674 2930 partem
701 2826 830 2904 mundi
862 2849 907 2902 ex
938 2825 1040 2902 radiis
1061 2825 1242 2902 formandi
1262 2826 1355 2904 facit
1417 2823 1555 2904 Venrm
1572 2827 1668 2906 haud
1700 2827 1810 2906 dubie
1832 2830 1915 2917 est,

536 2947 675 3022 aeternis
697 2942 907 3044 quibusdam
932 2944 1128 3018 rationibus
1153 2941 1325 3022 idealibus
1349 2944 1636 3031 emunaetas,
1668 2940 1695 3019 si
1740 2947 1820 3044 quia
1855 2946 1923 3021 im-

535 3057 697 3138 mensum
728 3059 955 3138 intervallum
971 3059 1014 3134 ab
1047 3082 1122 3136 mro
1148 3059 1192 3136 ad
1220 3057 1401 3136 infinitum
1425 3059 1511 3138 saltu
1536 3059 1760 3138 transmittat.
1800 3059 1922 3139 Philo-

536 3174 697 3275 sophiam
723 3175 896 3254 Divinam
913 3179 1005 3273 ejus,
1038 3177 1138 3273 cujus
1159 3175 1245 3252 solia
1273 3175 1411 3278 aliquot
1451 3173 1612 3275 impressa
1642 3176 1705 3253 hic
1738 3176 1920 3265 refertur,
2077 3205 2079 3280 g

536 3316 615 3368 non
639 3293 743 3374 vidi,
776 3292 890 3387 Quod
918 3316 999 3394 pag.
1024 3313 1112 3366 121.
1145 3293 1300 3380 dicitur,
1331 3289 1468 3370 nullam
1502 3289 1567 3369 esse
1599 3295 1834 3393 quantitatem
1862 3297 1923 3370 ab·
2077 3293 2078 3332 r

536 3409 706 3496 solutam,
739 3406 802 3486 suo
823 3411 983 3508 quodam
1002 3407 1100 3485 sensu
1121 3407 1262 3485 admitti
1281 3410 1399 3510 potest
1424 3408 1730 3510 quemadmodum
1761 3411 1798 3484 ἂ
1820 3409 1922 3510 quod

536 3530 584 3604 ait
604 3511 685 3624 nep!
715 3522 779 3620 τιῖς
806 3511 991 3608 invasurae.
1053 3523 1096 3602 Et
1122 3524 1196 3600 sieri
1214 3526 1331 3622 potest
1349 3542 1391 3602 ut
1408 3523 1537 3604 subsint
1556 3523 1711 3628 aliqua-a
1726 3528 1831 3602 nobis
1847 3549 1923 3602 nou

536 3643 772 3722 abhorrentia
834 3640 952 3720 Habet
973 3641 1046 3717 hoc
1068 3640 1134 3718 Vir
1153 3638 1345 3740 Optimus,
1379 3640 1479 3742 quod
1508 3666 1562 3718 res
1586 3645 1693 3719 etiam
1723 3641 1922 3718 mediocres

534 3765 632 3838 miris
655 3757 763 3836 titulis
787 3781 957 3834 exornare
981 3759 1120 3855 potest,
1153 3781 1305 3858 quaeres
1335 3755 1437 3836 usum
1475 3757 1655 3838 interdum
1688 3757 1795 3836 habet
1827 3757 1923 3858 apud

533 3877 672 3974 vrrlgus.
732 3871 876 3950 Vellem
893 3873 1015 3961 daret,
1049 3873 1105 3948 ves
1136 3873 1257 3950 saltem
1281 3873 1473 3974 explimret
1491 3873 1611 3964 illam,¹
1645 3897 1754 3978 quam
1783 3897 1924 3950 memo-
1996 3963 2000 3966 ,

536 4007 666 4068 rat...
684 4049 693 4065 .
709 4048 738 4066 ..
754 4049 763 4066 .
884 3991 922 4068 u
939 3990 1057 4068 ideam
1075 3988 1329 4070 Pandetiarum
1340 3989 1695 4080 slstronomicorum,
1727 4013 1821 4090 quos
1831 3991 1920 4066 olim

535 4107 608 4187 fuit
634 4105 788 4182 molitus.
848 4108 969 4186 Miror
997 4107 1097 4208 quod
1122 4105 1266 4210 lillipses
1284 4097 1512 4210 Keplerianas
1533 4106 1611 4185 vult
1632 4109 1828 4210 abrogare,
1844 4131 1923 4207 quae

537 4241 657 4302 tamen
681 4237 754 4298 tam
781 4222 929 4322 pulchre
963 4223 1187 4302 satisfaciunt.
1247 4222 1369 4310 Solem
1387 4225 1425 4300 in
1456 4247 1531 4303 uno
1555 4219 1622 4306 elle
1643 4219 1814 4301 focorum
1846 4240 1921 4299 tan-

415 4427 417 4432 ,
538 4357 615 4421 turn
643 4341 737 4418 abest
779 4353 821 4417 ut
842 4337 884 4416 fit
915 4355 1040 4415 contra
1059 4336 1310 4429 mechanicen,
1343 4355 1383 4419 ut
1401 4325 1526 4450 potius
1551 4363 1597 4416 ex
1619 4337 1776 4439 Legibus
1802 4361 1922 4416 motus

538 4482 653 4566 prona
679 4455 929 4560 consequentia
952 4439 1051 4534 fluat.
1112 4454 1463 4568 slsirumsiostendet
1475 4445 1599 4538 Solem
1621 4456 1758 4566 semper
1773 4455 1921 4648 equdem

1804 4593 1926 4650 errare
