4292 5530
600 255 699 405 raas
743 305 1277 400 comannorum
1321 291 1911 393 rrrsrourbrrm-

449 461 547 544 1696
605 473 681 549 tae,
717 457 911 540 celeritates
946 455 1098 532 crescere
1132 452 1375 556 aequabiliter,
1411 450 1471 530 seu
1503 465 1544 530 ut
1578 466 1761 557 tempora;
1792 441 1854 537 Ne
1882 470 2008 537 autem

444 552 539 650 Febr·
608 575 697 682 quid
722 573 828 664 desit,
862 573 1047 652 ostendam
1074 573 1226 650 alterum
1261 569 1489 650 Dilemmatis
1520 573 1755 664 membrum,
1792 573 1895 677 quod
1912 573 2007 652 scili-

610 709 667 774 cet
693 694 824 796 globus
845 691 898 780 A,
931 695 1115 770 incurrens
1136 689 1313 768 celeritate
1338 686 1475 766 infinita
1497 691 1534 764 in
1558 690 1712 788 globum
1743 692 1793 782 B,
1827 691 2004 794 aequalem

611 817 646 894 ci
671 816 746 890 vim
766 813 966 912 imprimat,
998 809 1067 885 ssve
1091 809 1223 908 globus
1239 805 1267 884 B
1284 806 1461 908 quiescat,
1494 803 1564 903 five
1587 826 1795 906 moveatur;
1831 811 1878 886 ad
1903 807 2006 910 quod

612 927 932 1010 demonstrindum
953 926 1030 1004 haec
1054 925 1129 1004 duo
1147 911 1317 1026 tahquam
1345 919 1504 1001 concessa
1533 931 1755 1025 praemittam.
1796 930 1852 1003 1⁸.
1879 929 1905 1005 n
1931 926 2006 1004 duo

614 1049 717 1150 globi
736 1059 947 1124 moveantur
978 1047 1016 1120 in
1053 1043 1187 1144 plano,
1220 1065 1446 1143 quacumque
1480 1040 1678 1134 celeritate,
1713 1047 1755 1122 ticv
1781 1045 1847 1122 fibi
1873 1059 2004 1124 mutuo

613 1177 830 1258 occurraut3
862 1165 928 1238 erit
958 1165 1133 1268 quantitas
1154 1160 1242 1238 iiius
1259 1159 1384 1238 eadem
1412 1158 1602 1248 censenda,
1630 1162 1688 1240 seu
1710 1164 1777 1240 erit
1797 1163 1886 1241 istus
1903 1185 2005 1264 aeque

610 1283 742 1371 sortis,
775 1279 846 1358 five
863 1275 1038 1386 planum,
1071 1279 1174 1380 lbper
1198 1301 1271 1378 quo
1296 1291 1489 1355 moventur
1507 1277 1639 1376 globi,
1665 1283 1817 1357 omnino
1834 1281 2000 1382 quiescat,

477 1383 485 1392 ⁸
610 1401 681 1478 five
699 1399 765 1478 alia
786 1395 958 1502 peculiari
975 1396 1153 1476 celeritate
1177 1407 1390 1488 moveatur3
1420 1393 1493 1472 hoc
1523 1399 1647 1496 utique
1680 1421 1788 1475 nemo
1823 1400 1999 1496 negabit,

610 1517 693 1596 alias
716 1539 913 1617 corporum
936 1515 1090 1595 astiones
1117 1517 1155 1589 in
1182 1526 1273 1590 terra
1292 1537 1368 1591 non
1388 1511 1521 1590 eaedenr
1550 1512 1708 1592 dicendae
1725 1511 1833 1592 essent
1857 1519 1896 1591 in
1925 1513 2004 1614 Hy-

608 1631 750 1738 pothesr
766 1631 1008 1722 Ptolemaica,
1044 1635 1081 1709 &
1108 1632 1376 1730 Cupernicaua,
1410 1629 1467 1705 vel
1486 1627 1551 1708 Ex.
1570 1655 1623 1730 gr.
1649 1631 1844 1732 Operarius
1870 1635 2003 1735 hanani

609 1753 799 1839 laborans,
832 1774 909 1828 non
930 1751 1054 1826 eadem
1076 1752 1112 1824 vi
1139 1749 1280 1825 clavum
1299 1745 1525 1846 impelleret,
1558 1745 1701 1824 finavis
1721 1749 1875 1850 quiescat
1896 1773 2002 1850 quam

601 1867 694 1948 fifit
721 1871 758 1944 in
785 1883 899 1946 motu.
935 1869 994 1944 2⁰.
1014 1865 1157 1968 Corpus
1183 1879 1327 1944 motum
1352 1865 1684 1944 celeritateinfinita
1710 1867 1878 1944 eumdem
1899 1866 2002 1944 effec-

606 2003 687 2066 turn
703 1987 908 2088 praestabit,
944 2008 1053 2085 quem
1072 1975 1228 2084 praestat,
1261 1979 1287 2058 sr
1309 1983 1383 2080 ejus
1403 1981 1572 2077 celeritati
1601 1984 1847 2086 strperaccedat
1882 1983 1999 2064 finitus

607 2105 793 2182 celeritatis
822 2101 973 2203 gradus3
1005 2099 1046 2180 fit
1078 2104 1174 2178 enirn
1202 2100 1344 2200 Corpus
1362 2099 1415 2188 A,
1449 2101 1626 2179 celeritate
1658 2128 1694 2168 00
1716 2101 1889 2201 (infinita
1914 2103 1935 2202 )
1965 2104 1999 2178 &

604 2221 705 2298 idem
729 2243 860 2321 corpus
878 2218 911 2296 A
933 2217 1110 2298 celeritate
1143 2250 1180 2291 00
1203 2223 1308 2314 413
1341 2230 1445 2296 erunt
1464 2217 1606 2296 effestus
1629 2235 1669 2296 ut
1691 2219 1859 2320 quadrata
1880 2219 1997 2296 celeri-

606 2353 751 2426 tatum,
784 2337 916 2422 idest,
949 2351 991 2414 ut
1019 2335 1149 2411 00²&
1178 2333 1309 2424 00²4-
1332 2341 1532 2426 aoo-l-r:
1566 2333 1692 2414 veriam
1715 2336 1792 2416 haec
1816 2339 1892 2416 duo
1917 2361 1997 2438 qua·
2108 2343 2109 2396 l

607 2454 706 2532 drata
731 2454 917 2534 censentur
939 2453 1108 2554 aequalia,
1140 2457 1312 2555 quoniam
1347 2474 1370 2529 2
1393 2483 1429 2524 00
1453 2459 1532 2546 ÷1
1562 2477 1632 2553 pro
1663 2455 1779 2533 nihilo
1813 2455 1997 2532 habebitur

606 2572 764 2672 respesiu
796 2597 832 2639 00
849 2569 877 2647 ².
941 2569 1083 2666 Quibus
1104 2572 1344 2673 pralirniuatis
1364 2569 1584 2672 supponatur
1604 2571 1781 2672 globusA
1804 2574 1943 2650 moveri
1961 2575 1997 2648 iu

606 2689 717 2788 plano
741 2689 861 2788 aliquo
881 2688 1104 2788 quiescente,
1137 2689 1313 2768 celeritate
1351 2687 1409 2776 ω’,
1443 2689 1480 2764 &
1503 2689 1742 2768 incurrerem
1774 2678 1928 2790 globum
1955 2687 1993 2776 Β,

609 2804 847 2906 quiescentem
859 2829 871 2898 3
902 2828 1001 2882 nunc
1024 2797 1111 2883 verb
1139 2806 1356 2906 intelligatur
1374 2805 1524 2906 planum
1549 2804 1653 2886 srmul
1675 2810 1782 2885 etiam
1803 2809 1945 2885 moueri
1962 2809 1998 2882 iu

609 2922 747 3002 easdem
773 2938 909 3021 partes,
942 2921 1179 3002 celeritatem
1209 2949 1223 2998 1
1245 2951 1257 3021 3
1288 2923 1435 3002 habebit
1454 2923 1521 3003 hac
1542 2929 1680 3004 ratione
1698 2923 1881 3031 globusA
1902 2923 1997 3002 velo·

609 3043 754 3118 citatem
788 3072 825 3113 00
844 3047 894 3127 ÷
912 3060 958 3128 1,
993 3041 1030 3116 &
1051 3039 1182 3140 globus
1209 3039 1246 3120 Β.
1270 3041 1498 3121 velocitatem
1522 3067 1563 3119 1:
1584 3059 1690 3144 atque
1707 3043 1895 3142 adeo,per
1912 3041 1997 3120 lern-

606 3183 666 3235 ma
687 3159 874 3258 primunr,
915 3155 1047 3254 globus
1081 3157 1139 3247 A,
1173 3159 1348 3239 celeritate
1380 3195 1416 3238 00
1436 3165 1484 3250 -s-
1503 3185 1548 3250 1,
1589 3161 1802 3240 tantundem
1835 3160 1929 3237 valet
1961 3163 2000 3236 iu

606 3272 763 3376 globum
792 3273 841 3364 B,
880 3273 1057 3352 celeritate
1091 3297 1136 3366 r,
1169 3302 1278 3377 quam
1307 3277 1405 3354 idem
1436 3277 1568 3378 globus
1590 3277 1647 3366 A,
1681 3277 1859 3356 celeritate
1897 3279 1997 3354 eoin

606 3391 762 3490 globum
784 3390 832 3480 B,
859 3389 1035 3470 celeritate
1060 3417 1116 3481 o,
1149 3393 1208 3473 seu
1237 3393 1484 3496 quiescentem.
1546 3393 1685 3473 Verirm
1706 3422 1770 3498 per
1787 3393 1995 3474 Lemmase-
2107 3395 2108 3404 '

607 3507 767 3586 cundum
795 3504 936 3588 effeetus
966 3509 1079 3588 Globi
1104 3510 1162 3600 A,
1195 3509 1370 3590 celeritate
1405 3544 1462 3601 00,
1487 3515 1536 3591 est
1557 3514 1699 3615 aequalis
1726 3513 1868 3592 effectui
1896 3514 1997 3614 globi

603 3625 658 3713 A,
681 3623 858 3704 celeritate
883 3659 919 3700 00
942 3633 990 3716 ,4-
1005 3653 1049 3722 13
1084 3625 1183 3730 Ergb
1203 3631 1311 3708 etiarn
1326 3629 1458 3730 globus
1482 3631 1535 3720 A,
1567 3631 1744 3710 celeritate
1779 3665 1836 3719 00,
1854 3645 1996 3726 tantun·

605 3743 688 3820 deor
709 3743 800 3822 valet
820 3747 858 3820 in
886 3743 1041 3843 globum
1063 3744 1110 3834 B,
1140 3745 1317 3824 celeritate
1345 3771 1394 3835 1,
1429 3769 1538 3846 quam
1567 3752 1605 3825 in
1625 3749 1781 3848 globum
1800 3747 1851 3835 B,
1877 3748 1995 3826 celeri-

603 3871 674 3938 tate
700 3883 756 3948 0,
782 3861 839 3940 seu
861 3859 1122 3963 quiescentem3
1154 3863 1283 3953 idest,
1313 3868 1366 3941 ris
1393 3863 1554 3965 impressa
1571 3866 1686 3966 globo
1710 3865 1759 3955 B,
1793 3867 1861 3943 erit
1882 3889 1996 3970 aequa·

601 3974 665 4064 lis,
697 3973 767 4053 five
785 3995 991 4069 moveatur,
1024 3977 1095 4056 srve
1118 3981 1280 4084 quiescat.
1343 3983 1394 4078 Q
1415 3979 1461 4080 Β.
1493 3981 1541 4062 D.

659 4085 776 4181 Hinc,
802 4087 965 4172 nifullor
983 4101 1109 4179 veritus
1131 4099 1249 4190 illius,
1283 4099 1385 4202 quod
1404 4096 1449 4174 de
1470 4097 1586 4198 globo
1611 4101 1759 4206 sclopeti
1789 4107 1828 4180 in
1849 4101 1994 4184 testudi-

599 4234 686 4290 nem
706 4212 863 4311 impacto
887 4213 1012 4301 retuli,
1046 4215 1124 4292 satis
1143 4215 1309 4297 asseritur.
1351 4263 1355 4270 -

658 4326 762 4406 Dum
786 4327 862 4406 lraec
881 4326 1025 4415 scribo,
1057 4355 1134 4407 non
1152 4332 1292 4430 possum
1313 4341 1401 4437 quin
1419 4337 1469 4414 ob
1488 4335 1694 4417 affinitatem
1724 4343 1900 4430 materia,
1934 4339 1996 4418 ali-

509 4513 511 4520 ,
601 4445 689 4550 quid
719 4469 910 4540 moneam,
927 4445 1045 4553 ,quod
1081 4445 1202 4540 milri,
1232 4452 1315 4554 post
1342 4447 1487 4557 scriptas
1513 4455 1671 4540 demum
1696 4461 1836 4560 priores
1862 4481 1995 4542 meas,
2106 4447 2107 4474 ¹

1870 4596 2000 4656 Ooeus·
