4292 5530
558 299 607 382 ⁶4
718 279 1840 391 :aoarrrrannraraarrroaronrr„
1969 259 1975 270 '
2122 289 2123 338 l

411 453 504 533 1695
558 438 597 512 in
617 431 740 510 medio
762 429 959 536 uniformi,
991 428 1073 510 sunt
1090 431 1129 506 in
1150 429 1291 509 ratione
1310 425 1507 529 spatiorum
1532 435 1793 530 percussorum.
1811 415 1885 524 'Sic
1897 447 1966 526 ita·
2120 447 2123 564 1

412 541 493 641 Jffll·
555 578 627 656 que
646 552 823 630 ambobus
848 551 1062 652 corporibus
1082 546 1229 628 tandem
1251 546 1295 626 ad
1321 550 1481 650 quietem
1494 548 1660 646 redueris,
1675 581 1809 660 corpus
1822 559 1964 642 Α’ῃοη.
2120 611 2123 676 l

2121 697 2123 798 l

555 670 621 750 nili
647 670 762 771 duplo
789 669 891 748 altius
919 672 958 745 in
980 668 1142 748 medium
1171 670 1433 769 penetraverit,
1466 691 1577 770 quam
1600 694 1732 776 corpus
1749 678 1787 756 B.
1833 677 1959 780 Ergo,
2121 677 2123 688 '

555 790 643 870 Tuo
670 813 774 867 more
792 786 1003 890 loquendo,
1029 789 1081 868 ris
1109 785 1322 888 corporisrl
1347 786 1463 876 estad
1489 789 1562 864 vim
1583 787 1756 892 Corporis
1774 797 1826 886 B,
1850 813 1893 878 ut
1907 800 1962 876 ef.

557 910 668 987 feetus
684 907 778 984 illius
798 906 842 982 ad
868 905 1036 986 effestum
1060 905 1194 1005 hujus,
1227 905 1264 982 id
1292 906 1404 984 estut
1432 927 1455 984 2
1479 906 1531 998 'ad
1557 928 1589 983 1.
1652 907 1790 990 Eodem
1804 920 1959 996 omnino

557 1027 674 1106 modo
694 1025 880 1104 ostendere
903 1023 1042 1126 poffem
1060 1028 1150 1102 vires
1173 1047 1373 1127 corporum
1389 1041 1577 1102 motorum
1604 1023 1670 1104 elle
1692 1035 1729 1106 in
1745 1032 1812 1109 alia
1834 1037 1959 1135 quavis
2122 1085 2123 1088 a

556 1149 722 1234 ratione,
748 1143 774 1222 fi
795 1144 908 1222 modo
927 1144 1091 1223 medium
1113 1167 1191 1220 non
1215 1143 1444 1222 uniformiter
1468 1145 1687 1252 penetrabile
1712 1148 1954 1252 supponatur:

555 1266 593 1339 in
614 1266 736 1364 quavis
760 1267 858 1342 enim
882 1262 1124 1364 suppofitione
1150 1285 1304 1362 corpora
1328 1263 1419 1340 vires
1440 1260 1515 1340 suas
1544 1279 1766 1346 convertunt
1785 1271 1823 1344 io
1848 1293 1958 1370 pene.

557 1387 770 1469 arationem,
797 1382 853 1459 vel
875 1385 996 1482 potios
1023 1385 1060 1458 in
1080 1379 1342 1480 superationem
1363 1377 1563 1456 resrlleutiae
1592 1385 1810 1462 continuatae
1833 1387 1952 1465 medii.

557 1497 677 1577 Multa
694 1499 760 1576 alia
782 1497 885 1600 super
912 1500 978 1576 hac
998 1500 1143 1576 materia
1168 1497 1321 1586 dicenda
1341 1495 1533 1586 habetem,
1561 1494 1621 1582 {ed
1646 1497 1812 1606 Epistola
1838 1503 1955 1584 forma

556 1621 627 1715 jam
653 1635 780 1718 prater
800 1617 898 1718 spem
925 1619 1032 1693 trimis
1062 1615 1241 1694 excrescit.

614 1735 670 1814 Ex
692 1760 766 1837 quo
789 1736 931 1813 ultimas
957 1755 1052 1812 meas
1070 1732 1115 1810 ad
1135 1731 1191 1810 Te
1210 1732 1316 1823 decli,
1339 1738 1412 1833 jam
1432 1749 1487 1814 ter
1509 1734 1641 1817 litteras
1663 1738 1850 1838 [quarum
1875 1737 1953 1840 pos·

556 1867 684 1931 tremas
707 1852 1013 1947 nudius-tertius]
1039 1853 1201 1950 accepia
1233 1849 1403 1930 Domino
1425 1851 1661 1938 Buaunro
1684 1854 1814 1933 Theol.
1830 1853 1954 1954 {Doc-

555 1985 634 2048 tore
664 1972 702 2047 ἀ
730 1967 927 2050 Profellore
955 1961 1191 2072 Groningenſs
1198 1993 1209 2062 3
1241 1972 1305 2068 qui
1327 1969 1423 2052 mihi
1448 1971 1560 2063 dicit,
1603 1971 1785 2050 maforte
1811 1974 1952 2052 brevia

550 2089 766 2195 ‘Proceribus
800 2086 1003 2171 Academiae
1031 2084 1099 2164 sua
1130 2086 1322 2166 maiatum
1352 2091 1421 2174 iri,
1447 2088 1495 2166 ad
1517 2089 1698 2188 Mathelin
1729 2091 1876 2194 publice
1900 2093 1950 2169 ibi

554 2205 783 2298 docendam3
819 2204 878 2282 sed
900 2228 962 2282 eos
983 2203 1075 2281 velle
1097 2205 1265 2282 certiores
1284 2199 1351 2282 eise
1378 2204 1425 2282 de
1455 2207 1614 2288 adventu
1647 2230 1763 2298 meo.
1795 2208 1950 2310 ideoque

546 2322 573 2408 ir
599 2350 658 2400 me
677 2325 821 2426 quaerlt,
852 2345 942 2401 num
965 2321 1059 2402 bano
1083 2313 1237 2424 spartam
1258 2316 1483 2424 arriperem,
1509 2351 1598 2406 cum
1619 2323 1798 2436 stipendio
1828 2351 1950 2410 mutuo

549 2442 651 2522 mille
677 2443 715 2518 ἅ
735 2442 979 2522 ducentorum
998 2439 1223 2540 florenorum
1249 2439 1544 2535 hollandicorum
1566 2457 1694 2546 prater
1722 2443 1949 2526 emolumen-

548 2575 584 2638 ta
604 2559 829 2648 Academica
889 2556 936 2646 Et
956 2557 1038 2638 lane
1059 2557 1249 2662 respondi,
1274 2574 1357 2640 ante
1375 2578 1537 2664 acceptas
1562 2561 1660 2642 Tuas
1674 2560 1847 2652 ultimas,
1871 2587 1948 2642 vet-

546 2677 709 2782 bumque
730 2678 845 2769 dedi,
876 2694 920 2762 ut
939 2679 1001 2760 vir
1021 2677 1199 2758 retrahere
1231 2677 1380 2781 polion,
1412 2678 1477 2764 nili
1506 2681 1603 2758 forte
1631 2701 1772 2762 novum
1799 2678 1948 2784 aliquod

541 2797 707 2878 incident
737 2799 961 2878 interveniat
1021 2795 1195 2887 Interim,
1226 2796 1428 2899 plurimum
1458 2795 1546 2882 Tibi
1575 2795 1718 2887 debeo,
1753 2819 1825 2898 pro
1862 2823 1947 2880 cura

541 2939 625 3018 quaa
649 2913 737 2995 Tibi
763 2919 837 2994 mei
862 2911 931 3005 est,
954 2914 1043 3000 dum
1064 2915 1229 2995 laborasti
1250 2917 1295 2994 ad
1316 2913 1558 3000 obtinendum
1579 2938 1649 3016 pro
1679 2938 1740 2992 me
1759 2913 1949 2997 Profeffio.

540 3057 631 3120 nem
656 3031 953 3120 Mathematicam
970 3055 1075 3113 nova
1099 3034 1197 3136 apud
1218 3026 1340 3114 Hans
1353 3027 1537 3138 saxonum
1562 3029 1773 3112 Academia.
1805 3032 1847 3114 rlw
1864 3033 1945 3115 lon·

506 3152 509 3162 ’
539 3175 595 3252 go
616 3155 692 3252 jam
711 3168 899 3256 tempore,
928 3177 1007 3234 non
1030 3149 1212 3244 diffiteor,
1244 3177 1341 3232 nova
1362 3155 1439 3234 baro
1462 3150 1656 3234 Academia
1685 3151 1777 3230 mihi
1808 3155 1944 3254 appeti.

539 3283 623 3350 tum
651 3273 780 3362 morit
837 3272 945 3370 Quid
970 3286 1091 3355 autem
1116 3295 1236 3364 nunc,
1258 3273 1368 3352 rebus
1397 3271 1447 3356 stc
1478 3271 1673 3358 lunabus,
1698 3269 1940 3362 laciendum.

537 3387 598 3470 'l'e
627 3389 747 3487 ipsum
769 3391 946 3482 consulo,
971 3394 1036 3495 qui
1058 3415 1161 3471 meus
1186 3415 1223 3470 er
1242 3405 1439 3498 patronue,
1468 3391 1507 3468 ἃ
1532 3391 1573 3480 in
1598 3412 1709 3494 quem
1728 3389 1944 3470 omnemn

540 3499 626 3584 dem
646 3527 770 3603 pono,
795 3509 969 3616 quidnam
983 3509 1074 3594 mihi
1093 3509 1237 3598 utilius,
1259 3511 1297 3588 bt
1313 3521 1438 3594 unum
1457 3507 1560 3595 alteri
1580 3505 1845 3616 praetendam
1859 3531 1942 3592 cen·

538 3619 613 3710 ses,
644 3620 773 3710 indico
835 3621 926 3707 vate
944 3630 983 3710 ,δι
1003 3651 1106 3718 ama,
1131 3642 1175 3712 ut
1194 3626 1285 3716 soles

589 3848 707 3954 arula
729 3853 764 3937 d.
791 3853 952 3964 {pluuii
973 3809 1080 3958 r695.

1309 4090 1547 4177 celeberrimi
1566 4093 1622 4172 tui
1647 4093 1805 4172 normula

1339 4209 1533 4294 Cultor-em
1557 4208 1742 4295 alliduum.

1339 4327 1376 4442 J.
1415 4329 1731 4416 Baauouara.

1683 4511 1687 4548 ²
1763 4551 1935 4648 aare
