4266 5534
1120 127 1141 170 δ
1168 163 1171 166 .

271 356 600 448 tribueret
633 349 1121 472 ΒΜΕΚΝΟΜῌῙ,
1155 357 1304 439 Esses.
1330 357 1454 444 XXV.
1510 367 1582 462 149'

170 531 253 610 quae
272 511 398 610 utique
427 505 592 610 quolibet
608 503 837 608 tempusculo
858 505 1002 587 nonnifi
1028 507 1167 590 infinite
1183 527 1299 615 ‘parva
1328 517 1381 598 sui
1407 525 1579 624 portione
1635 507 1732 617 ¹595

168 629 211 703 in
247 649 359 728 grave
385 627 583 728 impingit]
619 625 785 728 adeoque
813 623 923 708 fluide
949 641 1065 706 totam
1100 629 1199 709 suam
1222 635 1297 711 vim
1321 629 1507 720 nansserre
1540 643 1580 726 iu
1631 602 1725 697 Apul

170 744 369 848 Corpora,
400 742 576 845 liquidem
601 743 785 846 particulae
816 741 919 824 fluidi
942 749 994 824 ob
1016 751 1195 828 continuo
1224 750 1307 832 alias
1329 753 1579 862 subsequentes

169 863 253 966 post
276 859 472 965 impulsum
496 862 676 968 quiescere
703 861 885 942 censendae
906 863 995 944 sunt
1057 865 1137 946 Hac
1162 871 1283 970 itaque
1314 877 1452 956 ratione
1478 875 1579 958 alset-

169 998 253 1062 tum
276 1005 401 1061 meum
422 1006 501 1060 non
523 985 658 1083 poterit
683 985 722 1059 in
749 980 903 1062 dubium
926 986 1057 1062 vocari
1119 985 1251 1066 Fluido
1271 993 1370 1072 enirn
1400 993 1433 1074 A
1460 997 1580 1076 incur-

164 1114 273 1179 ,1ente
305 1104 343 1178 in
365 1099 510 1202 Corpus
530 1097 587 1196 L,
621 1097 758 1202 ipsique
783 1113 900 1179 totam
921 1100 1021 1180 suam
1049 1104 1127 1182 vim
1159 1103 1362 1200 inferente,
1396 1113 1434 1190 &
1464 1108 1578 1194 lluido

170 1219 285 1324 priori
308 1217 414 1296 simili
444 1221 481 1296 &
504 1218 718 1322 aequiveloci
738 1215 790 1309 B,
823 1221 1030 1300 incurrente
1052 1224 1093 1300 in
1119 1224 1263 1325 Corpus
1281 1225 1326 1306 Μ
1348 1221 1484 1333 aequale
1499 1255 1582 1310 cor.

170 1339 254 1441 pori
274 1336 329 1426 L,
361 1335 523 1439 huicque
548 1340 680 1437 pariter
703 1348 820 1414 totam
838 1336 938 1416 suam
959 1341 1034 1416 vim
1051 1343 1305 1444 imprimente,
1339 1362 1445 1426 erunt
1465 1349 1580 1429 dubio

171 1454 303 1558 procul
324 1457 416 1532 vires
439 1454 626 1557 produnae
648 1457 688 1531 in
713 1453 941 1557 Corporibus
962 1455 994 1535 L
1016 1459 1054 1536 &
1080 1459 1126 1539 M
1152 1457 1402 1564 [licetetiam
1423 1463 1511 1546 L&
1535 1467 1582 1550 M

171 1598 252 1652 non
276 1570 387 1651 essent
403 1573 584 1676 aequalia]
614 1588 657 1652 ut
675 1574 767 1649 vires
788 1569 989 1655 fluidorum
1012 1591 1094 1654 ante
1119 1577 1344 1680 impulsum,
1377 1598 1506 1686 utpote
1527 1590 1582 1688 ip.

167 1691 213 1772 srs
232 1690 412 1794 aequales,
437 1691 603 1794 adeoque
625 1705 668 1770 ut
691 1690 963 1790 magnitudines
990 1691 1211 1793 fluidorum3
1242 1701 1322 1800 quis
1349 1703 1448 1780 enim
1474 1703 1581 1782 dubi·

170 1811 261 1890 tabit
285 1809 330 1887 de
361 1834 432 1899 eo,
469 1810 572 1912 quod
586 1807 800 1890 ‘fluidorum
823 1808 1142 1911 homogeneorum
1158 1815 1198 1891 dc
1219 1817 1497 1918 aequivelocium
1527 1825 1582 1900 vi-

167 1953 226 2007 res
243 1926 312 2006 lint
332 1942 374 2007 ut
398 1928 667 2029 magnitudines
700 1927 856 2022 eoruml
877 1951 962 2008 curn
988 1925 1050 2008 hic
1078 1931 1223 2010 evidens
1247 1932 1290 2014 lit
1311 1933 1477 2038 repetitio
1504 1965 1582 2019 non

170 2045 425 2136 modulitatis,
458 2045 519 2125 sed
542 2045 717 2160 recitatis.
743 2043 856 2124 Vides
867 2069 968 2147 ergo
993 2043 1213 2153 Exemplum
1240 2057 1347 2133 tuum
1369 2055 1580 2160 Corporum

170 2161 374 2245 solidorum
389 2190 468 2246 non
487 2166 627 2244 infinite
641 2185 840 2267 parvorum
860 2167 898 2242 in
921 2163 989 2246 alia
1012 2150 1178 2269 Corpora
1206 2171 1423 2273 quiescentia
1455 2179 1576 2256 incur-

53 2311 62 2320 ·
172 2283 337 2364 rentium
350 2282 424 2363 huc
437 2285 720 2388 nonquadrare;
739 2280 888 2362 Interim
905 2271 966 2378 [ut
981 2283 1059 2364 haec
1075 2288 1194 2366 obiter
1216 2289 1359 2390 dicam]
1375 2292 1576 2374 festinando

172 2425 332 2482 errorem
352 2403 482 2486 calculi
506 2401 677 2484 admisisse
708 2400 770 2482 hic
798 2403 941 2482 rideris.
1000 2401 1104 2483 Dicis
1126 2409 1225 2484 enirn'
1247 2401 1288 2512 st
1294 2405 1423 2514 globus
1440 2398 1500 2504 Ἀ,
1530 2439 1576 2494 ι.

172 2519 371 2611 celeritate,
413 2549 462 2620 1,
489 2527 652 2602 incurrat
673 2527 715 2600 in
727 2511 876 2630 globum
894 2513 955 2616 L,
982 2545 1024 2612 1,
1048 2519 1306 2632 quiescentem,
1336 2535 1484 2635 accipiet
1495 2532 1575 2638 gla-

172 2630 238 2717 tas
256 2635 292 2719 L
309 2641 525 2720 celeritatem
553 2641 700 2730 1,*hoc
718 2637 938 2721 verilsrmum
961 2639 1036 2721 est:
1057 2635 1098 2743 st
1105 2665 1192 2722 veto
1208 2637 1338 2753 globus
1357 2639 1420 2744 B,
1440 2675 1460 2728 2
1478 2703 1491 2744 ,
1521 2675 1578 2728 ce-

171 2755 333 2848 leritate,
362 2787 405 2856 1,
423 2764 586 2842 incurrat
607 2765 649 2842 in
657 2751 807 2867 globum
825 2745 911 2851 M,
938 2786 985 2856 1,
1010 2757 1266 2868 quiescentem,
1288 2767 1435 2872 accipiet
1449 2762 1577 2873 globata

171 2865 241 2960 M
254 2877 471 2958 celeritatem
488 2907 529 2987 ,4
552 2911 566 2958 .·
588 2898 684 2987 puto
719 2879 873 2982 globum
910 2879 958 2960 M
992 2894 1226 2982 accepturum
1259 2879 1326 2962 else
1356 2884 1576 2968 celeritatem
1646 2967 1653 2974 .

174 3125 407 3314 paersttuttas,
439 3243 594 3324 quarum
621 3217 794 3300 formulas
816 3223 854 3299 in
872 3218 1156 3323 praecedentibus
1184 3224 1273 3298 meis
1296 3219 1462 3314 exhibui,
1477 3223 1577 3324 quas-

168 3353 248 3432 que
267 3337 753 3442 exiisdernaequationibus
774 3339 985 3430 elidebam,
1028 3365 1115 3442 quas
1139 3339 1177 3416 in
1202 3338 1338 3417 ultimis
1357 3342 1427 3417 tuis
1458 3343 1576 3442 expri-

175 3453 268 3564 μύες
300 3455 512 3560 compositis
547 3455 681 3537 scilicet
704 3458 845 3560 legibus
873 3461 1006 3537 virium
1038 3456 1280 3537 absolutarum
1303 3455 1343 3536 dc
1368 3449 1572 3537 direilionis
1703 3537 1710 3548 ,

80 3599 86 3610 ·
174 3569 520 3675 conservandarum
551 3573 651 3678 Ergo
664 3581 756 3656 vires
784 3573 958 3680 impressae
979 3575 1044 3678 ipsr
1070 3575 1115 3654 M
1136 3599 1214 3653 non
1243 3573 1355 3652 multa
1374 3571 1480 3680 plus,
1512 3576 1572 3656 sed
1622 3579 1626 3584 ’

173 3689 284 3788 paulo
309 3699 429 3777 minus
446 3719 558 3804 quam
575 3693 684 3802 duple
691 3691 785 3799 stent
809 3719 933 3774 tatum
947 3719 1021 3803 qua
1034 3685 1182 3798 impulse
1194 3688 1287 3797 stent
1310 3689 1375 3800 ipſs
1390 3688 1438 3772 L.
1533 3783 1537 3790 ,

232 3833 292 3914 An
313 3837 406 3916 aetio
428 3837 585 3916 materiae
603 3833 781 3938 gravtficae
808 3833 983 3937 periitne
1009 3833 1194 3923 discretos,
1228 3859 1376 3912 unvero
1395 3861 1460 3937 per
1481 3837 1576 3940 pres-

172 3945 313 4034 sionem
334 3960 548 4038 continuam
574 3955 744 4057 explicari
764 3950 908 4044 debeat,
940 3954 1094 4054 amplius
1113 3951 1209 4032 haud
1229 3951 1479 4056 disquiramus3
1495 3955 1576 4036 sunt

175 4073 277 4152 enirn
292 4087 435 4158 tantum
451 4072 580 4153 diversi
597 4071 703 4154 modi
723 4095 834 4150 unam
851 4070 1089 4174 eumdemque
1111 4096 1190 4150 rem
1206 4073 1495 4174 contemplandi3
1507 4079 1572 4178 qui
1695 4173 1697 4178 ,

170 4185 358 4272 lidextre-
375 4191 636 4283 adhibentur,
669 4189 790 4269 nullus
817 4192 966 4280 dubito,
1001 4192 1091 4292 quin
1117 4188 1216 4268 idem
1240 4192 1483 4289 concludant3
1514 4191 1575 4272 sed

170 4307 435 4410 inexpectatum
451 4309 544 4390 mihi
571 4311 674 4390 affers
699 4305 965 4390 dstnttionem
989 4311 1083 4388 inter
1110 4307 1221 4386 ilium
1248 4301 1312 4414 effe
1331 4307 1573 4415 equefertem,

171 4425 211 4504 dt
227 4429 328 4518 t'nter
340 4428 500 4508 eamdem
520 4433 563 4508 in
573 4419 730 4536 percuffa
741 4427 895 4534 produci
912 4432 1076 4535 potentie
1097 4430 1356 4536 quantitatem,
1375 4450 1457 4529 quae
1481 4428 1575 4518 duo,

140 4643 143 4651 ,
168 4555 212 4636 ut
236 4544 368 4644 fatetr,
401 4541 527 4633 eedem
538 4547 735 4654 putabam,
768 4547 1029 4746 conlidep'ando
1043 4550 1155 4630 iilum
1170 4545 1360 4625 fortiorem
1381 4543 1575 4741 velfrninue

902 4753 905 4760 ¹
1003 4685 1021 4758 3
1461 4681 1580 4742 ostem

238 3107 247 3125 .
280 3047 489 3132 Semsndum
512 3047 652 3154 regulas
675 3048 1165 3176 communicationistmotus
1189 3075 1291 3132 novo
1317 3053 1499 3156 principio
1515 3055 1575 3134 su·
